3062 5162
865 343 902 404 16

307 507 419 572 Etiam
443 508 488 573 M
507 514 684 576 correctam
708 511 880 578 lectionem
903 510 1011 592 habet,
1045 517 1082 578 ut
1105 510 1145 577 ab
1168 511 1261 577 initio
1283 509 1456 577 verisimile

309 611 368 692 sit,
404 632 474 679 eum
498 614 606 697 aliqua
635 614 794 683 affinitate
824 637 895 684 cum
918 617 989 682 BF
1019 617 1221 684 coniunctum
1252 633 1343 699 ease,
1378 633 1453 681 nam

311 722 463 804 propriae
486 725 620 807 originis
643 744 705 792 non
728 732 787 793 est.
808 763 850 774 -

396 832 549 902 111520:
586 833 677 911 Quae
709 842 887 918 sequuntur
910 836 1043 904 verbum
1075 834 1389 904 »vicissitudinibus«
1421 836 1456 900 in

310 937 475 1005 codicibus
498 960 593 1022 quam
616 943 704 1036 varie
727 944 929 1026 transposita
952 945 1034 1029 sint,
1064 945 1242 1011 Schwenkii
1266 944 1379 1012 tabula
1402 944 1459 1010 de-

312 1053 480 1114 monstrat.
535 1049 636 1127 Quam
669 1050 723 1133 qui
755 1053 941 1137 diligentius
964 1054 1124 1137 intuetur,
1160 1060 1261 1118 totam
1285 1053 1458 1135 perturba-

312 1157 432 1222 tionem
464 1156 539 1222 inde
570 1164 673 1223 ortam
704 1176 776 1224 esse
809 1160 967 1238 inveniet,
1002 1160 1087 1240 quod
1122 1161 1154 1225 in
1187 1161 1361 1242 archetypo
1394 1159 1458 1226 dno

314 1261 574 1330 membranarum
607 1265 772 1344 fasciculi,
806 1285 939 1349 quorum
972 1273 1108 1350 uterque
1131 1269 1341 1354 septuaginta
1362 1287 1460 1351 para·

312 1373 457 1458 graphos
474 1373 758 1459 connplectebatur,
782 1377 852 1443 loco
867 1395 925 1443 sno
948 1379 1027 1442 moti
1051 1383 1084 1443 et
1105 1379 1191 1442 inter
1214 1397 1249 1444 se
1273 1379 1462 1444 commutati

312 1487 398 1548 sunt.
444 1482 630 1550 Fasciculus
666 1485 748 1549 enim
783 1485 881 1567 aliqui
913 1483 1085 1551 finiebatur
1112 1485 1144 1550 in
1168 1486 1275 1551 media
1298 1488 1462 1552 sententia

313 1591 411 1659 verbo
445 1590 759 1658 »vicissitudinibus«
798 1598 892 1672 ldvo,
931 1594 1016 1659 alter
1050 1592 1237 1659 continebat
1262 1600 1336 1662 1566
1373 1601 1462 1660 »tam

314 1703 487 1769 multarum
510 1720 637 1767 rerum«
660 1737 701 1748 -
726 1705 767 1766 86
777 1729 804 1769 6
829 1701 996 1768 »ecferant
1018 1701 1171 1786 aliquid«,
1196 1701 1385 1768 6631ineas
1409 1701 1462 1766 ed.

315 1808 433 1893 Orell,
463 1810 598 1889 tertius,
628 1809 763 1875 totidem
796 1808 961 1894 foliorum,
986 1815 1064 1892 quot
1086 1807 1228 1876 habebat
1250 1809 1348 1886 alter,
1382 1813 1424 1874 86
1434 1835 1461 1878 m

313 1935 376 1984 nex
398 1936 472 1984 sese
503 1917 736 2000 perfectiores«
761 1954 804 1964 -
829 1923 910 1986 1562
944 1936 1046 2000 »quaa
1079 1937 1149 1983 cum
1182 1919 1361 2000 maxima«,
1396 1922 1460 1982 717

311 2026 414 2094 lineas
438 2027 487 2093 ed.
511 2025 667 2110 Orell.¹);
702 2031 837 2109 quartus
870 2027 1014 2109 inciepat
1047 2031 1128 2095 1566
1153 2025 1261 2092 verbis
1286 2025 1462 2109 »largitate

312 2133 450 2202 fundite·
496 2136 625 2200 Tertius
648 2135 703 2200 ille
726 2154 836 2222 errore
858 2135 1066 2218 glutinatoris
1090 2141 1164 2202 ante
1179 2137 1317 2202 altarum
1334 2136 1463 2218 positus

313 2250 372 2310 est.
419 2243 510 2322 Quod
535 2263 605 2310 cum
630 2251 745 2326 postea
769 2244 1052 2311 animadvertisset
1069 2245 1196 2328 aliquis,
1219 2251 1329 2311 notam
1351 2244 1462 2326 posuit

312 2361 347 2420 et
369 2359 566 2435 postremam
591 2354 688 2435 primi
711 2353 858 2420 fasciculi
875 2354 1069 2419 sententiam
1086 2354 1301 2436 interruptam
1323 2354 1356 2418 in
1375 2373 1462 2418 rnar-

312 2464 385 2546 gine
417 2463 584 2546 archetypi
621 2461 786 2529 adfinem
821 2463 982 2545 perduxit.
1036 2463 1151 2544 Itaque
1173 2463 1222 2528 11ι
1253 2464 1462 2545 interrumpit
1519 2489 1520 2500 ¹

217 2661 221 2668 γ
314 2571 440 2638 demum
475 2578 549 2654 post
585 2579 711 2638 »motus
741 2570 934 2655 gubernari«
970 2577 1063 2655 1522,
1098 2571 1211 2655 incipit
1244 2579 1353 2638 autem
1386 2578 1464 2655 post

313 2682 446 2749 tertium
477 2682 665 2749 fasciculum
697 2683 778 2748 falso
808 2682 949 2749 secundo
982 2682 1052 2748 loco
1085 2682 1226 2764 positum
1257 2683 1323 2747 iam
1353 2681 1462 2747 verbis

315 2796 401 2858 »tam
425 2793 618 2858 multarum«
636 2798 722 2872 1520,
745 2799 782 2858 ut
804 2791 904 2858 verba
929 2801 1015 2858 »tam
1032 2792 1257 2858 multarum-
1265 2789 1462 2875 gubernari«

315 2899 365 2967 bis
390 2901 550 2967 exhibeat.
599 2900 645 2965 nb
669 2902 775 2967 altera
797 2906 890 2982 parte
914 2907 1004 2968 stant
1025 2899 1157 2982 AOPV,
1187 2901 1274 2986 (nam
1297 2901 1382 2983 quod
1405 2901 1462 2967 dc-

314 3017 389 3086 sunt
410 3011 442 3077 in
460 3011 529 3092 PV,
553 3016 591 3077 ut
613 3015 688 3076 sunt
710 3011 833 3094 passim
857 3012 1009 3092 mutilati,
1031 3011 1157 3093 priores
1178 3016 1289 3093 partes
1313 3008 1388 3076 libri
1413 3030 1464 3077 se·

315 3121 420 3204 cundi,
444 3120 496 3186 vix
518 3120 617 3185 ullam
640 3118 872 3186 dubitationem
896 3119 1012 3188 afferre
1035 3125 1153 3203 potest,
1177 3139 1248 3187 cum
1264 3120 1337 3186 aliis
1352 3120 1464 3186 multis

315 3229 414 3298 rebus
437 3249 507 3297 cum
531 3229 593 3294 AO
614 3229 717 3296 artius
739 3230 869 3312 cognati
892 3248 964 3297 esse
986 3230 1069 3297 satis
1091 3228 1293 3315 probentur),
1321 3229 1377 3311 qui
1399 3247 1464 3294 non

317 3430 409 3484 77¹⁷:
435 3429 466 3484 ni
484 3428 538 3498 ita]
558 3427 629 3482 mita
648 3428 706 3500 F¹3
732 3429 758 3481 B
778 3429 829 3484 hoc
849 3429 910 3485 loco
929 3446 947 3482 a
966 3431 995 3486 et
1014 3429 1025 3483 i
1043 3446 1098 3486 non
1119 3428 1187 3486 sutis
1205 3427 1347 3495 distinxit,
1374 3428 1406 3481 61
1425 3426 1467 3480 fa-

389 3523 496 3579 cillime
514 3539 565 3594 pro
584 3542 610 3575 rn
630 3523 797 3578 habeantur.

317 3613 410 3669 822⁶:
437 3613 552 3683 faelem]
573 3614 737 3684 paelemF3
757 3613 787 3669 in
802 3613 829 3666 B
848 3613 900 3669 hoc
920 3614 982 3669 loco
1001 3613 1134 3680 litteras
1150 3612 1263 3667 litterae
1280 3628 1299 3679 p
1319 3607 1466 3663 simillima

384 3710 435 3762 est.

313 3803 402 3858 85²1:
430 3800 490 3856 eius
507 3819 558 3872 por
577 3800 762 3871 compendium
781 3805 809 3856 oi
825 3801 852 3854 B
873 3801 900 3856 ei
919 3801 955 3856 F.

314 3895 347 3952 91
359 3907 391 3950 t:
411 3893 535 3964 luberet]
556 3891 658 3951 liberet
677 3895 705 3949 B
724 3895 835 3966 lyberst
853 3895 887 3950 F.

316 3990 343 4046 11
362 3991 394 4046 81
407 4000 453 4047 ao:
479 3993 509 4046 61
527 4007 562 4046 ex
580 4007 640 4046 sese
651 3990 841 4062 -appellent
863 4007 906 4043 orn
924 3990 964 4054 F;
998 3988 1028 4042 fn
1047 3989 1074 4041 B
1093 4003 1188 4042 nereus
1205 3983 1377 4040 diuiduntur:
1402 3983 1461 4056 post

388 4086 452 4139 sent
480 4085 510 4139 et
536 4101 570 4139 ex
590 4100 650 4139 sese
669 4124 676 4139 .
696 4123 703 4138 .
722 4124 728 4138 .
748 4083 909 4154 appelsslent
935 4083 968 4137 ut
985 4121 994 4137 .
1013 4121 1048 4138 ..

389 4177 516 4234 Sescenti
544 4181 640 4234 autem
668 4181 734 4234 sunt
752 4177 816 4241 loci,
836 4176 939 4246 quibus
959 4176 989 4229 F
1008 4175 1125 4248 recepit,
1142 4190 1215 4244 quae
1234 4171 1272 4227 B'
1296 4171 1464 4244 corrigendo

390 4272 564 4343 depravavit.
600 4271 664 4328 Vid.
686 4273 771 4330 etium
792 4290 820 4343 p.
836 4272 878 4326 19.

395 4365 418 4434 l)
438 4365 564 4434 Numeri,
584 4367 636 4421 663
651 4366 680 4420 61
695 4367 757 4431 117,
775 4363 952 4432 aliquantum
974 4360 1117 4429 differunt,
1137 4359 1211 4430 qvvod
1231 4357 1364 4414 intentio
1384 4357 1464 4413 fasci·
1515 4351 1516 4381 ¹

317 4457 389 4525 culo,
409 4456 459 4512 ubi
480 4459 563 4512 multi
582 4475 678 4514 versus
697 4475 760 4512 cum
781 4455 833 4511 alii
852 4457 912 4510 tum
934 4454 1031 4510 Aratei
1051 4455 1125 4520 sunt,
1150 4451 1250 4508 Orellii
1268 4451 1362 4508 116666
1381 4469 1465 4524 saepe

316 4568 372 4606 non
391 4552 455 4622 plus
473 4570 562 4635 unum
581 4551 627 4609 vel
647 4551 702 4608 duo
721 4550 766 4606 vel
786 4549 843 4606 tria
863 4547 951 4606 verba
969 4546 1126 4604 continent.
