3062 5162
659 294 698 354 73

193 461 316 541 Quibus
338 463 417 531 locis
449 462 533 529 addo
568 462 627 530 hos
661 461 725 528 ulia
755 459 882 527 ratione
917 461 1029 544 dignos
1060 460 1114 544 qui
1148 462 1247 546 inspi-

102 571 246 638 ciuntur:
949 605 950 608 ¹

191 679 223 744 Il
250 677 529 762 immoriens]
554 682 607 744 cet.
631 697 725 758 omo„
750 693 891 742 connexu
917 676 965 743 0².

190 787 350 856 1114420:
376 789 419 854 At
441 786 485 870 id]
504 791 537 854 et
559 792 596 852 ut
610 784 659 864 θ’,
684 788 719 849 ut
742 784 794 848 uel
811 783 868 864 0²3
893 785 953 852 luit
978 787 1078 874 igitur
1099 789 1130 854 in
1146 813 1167 871 γ
1183 797 1247 868 »u«,

101 893 334 962 cf.-Wettenb.
360 893 435 963 Lat.
461 895 528 962 Pni.
553 913 582 976 p.
610 899 660 960 78.
1058 877 1064 890 ⁸

194 1009 286 1076 5215:
313 1003 490 1088 Almonem]
516 1021 703 1070 anemonem
726 1009 762 1068 ut
785 1003 877 1068 ceteri
900 1023 1006 1070 oncocs
1030 1002 1064 1084 0,
1088 1006 1145 1071 scol
1167 1026 1246 1070 cccc.

101 1133 143 1177 coo
166 1132 363 1195 snemomeu,
387 1116 437 1180 vel
461 1114 609 1181 anienem
631 1131 727 1194 spscr.
752 1111 801 1194 02,
825 1117 938 1192 operto
960 1114 1145 1180 coniectura.

194 1226 286 1292 ιιιιε
309 1223 342 1288 in
366 1220 577 1307 Synephebis]
600 1221 633 1286 in
656 1219 759 1287 ciebis
777 1219 911 1286 0²F²M
913 1221 938 1284 ¹.

192 1335 275 1401 831:
306 1330 395 1416 felix]
415 1331 532 1412 BFM,
556 1329 622 1397 filiu
634 1328 778 1416 AmPV
796 1329 844 1412 (V
862 1350 931 1394 cum
953 1330 1045 1413 scyno
1060 1337 1196 1413 corrupt.
1211 1333 1246 1417 e),

100 1439 189 1506 filiun
214 1439 262 1507 0².

533 1826 586 1894 lle
610 1826 735 1897 culleo
758 1829 815 1894 M.

191 2010 253 2078 Sed
278 2012 318 2078 ad
342 2017 538 2094 postremam
564 2012 803 2080 dissertationis
826 2018 958 2079 nostrae
981 2017 1109 2095 partem
1132 2030 1247 2094 pergu-

100 2138 185 2203 mus,
208 2138 290 2202 quae
314 2121 378 2186 erit
401 2120 441 2187 de
464 2127 581 2186 natura
605 2122 724 2188 codicis
744 2122 794 2206 M,
817 2140 911 2205 quem
928 2122 1134 2189 Schwenkius
1157 2140 1247 2187 scum

100 2226 216 2294 codice
239 2226 280 2310 F,
305 2247 343 2294 ex
368 2228 403 2293 B
427 2229 601 2312 descripto,
625 2229 673 2296 ita
696 2230 776 2295 dicit
805 2231 990 2314 cohaerere,
1020 2235 1186 2297 ettamen
1211 2249 1249 2295 ex

100 2337 210 2402 alteru
234 2337 347 2420 classe,
370 2336 512 2403 fortasse
537 2357 575 2403 ex
598 2339 668 2420 ipso
682 2344 715 2403 A
737 2341 786 2404 vel
811 2340 950 2423 quodam
975 2341 1043 2406 eins
1060 2339 1246 2424 apographo

100 2445 222 2510 multas
246 2445 401 2511 lectiones
425 2449 615 2529 receperit«
661 2449 730 2526 Qua
755 2450 786 2512 in
811 2469 845 2514 re
876 2450 1042 2531 quominus
1074 2450 1102 2514 ei
1133 2447 1247 2513 adsen-

101 2555 196 2635 tirer,
222 2555 276 2621 diu
300 2554 485 2622 obluctatus
508 2575 589 2636 sum,
612 2563 785 2640 propterea
809 2558 892 2641 quod
909 2559 999 2624 inM
1011 2558 1141 2641 Topica,
1166 2576 1248 2640 quas

102 2663 140 2728 F
163 2665 315 2748 continet,
340 2667 457 2730 omissa
483 2673 566 2731 sunt.
613 2667 727 2749 Itaque
751 2667 910 2734 malebam
946 2669 1062 2734 docere
1096 2686 1250 2733 corruersu

102 2775 230 2840 ratione
254 2774 300 2839 M
319 2793 357 2839 ex
381 2763 492 2840 codice
516 2776 630 2842 classis
653 2776 836 2861 allusisse,
860 2779 912 2860 qui
937 2783 973 2842 ut
997 2786 1107 2842 noster
1137 2775 1166 2840 V
1186 2776 1248 2839 To-

101 2883 177 2966 pica
200 2883 391 2950 exclusisset
414 2891 448 2950 et
470 2903 510 2950 ex
533 2884 668 2952 alterius
691 2885 805 2952 classis
839 2879 949 2951 codice
973 2883 1007 2949 F
1036 2885 1087 2950 vel
1110 2884 1246 2967 quodam

102 2993 174 3059 eius
210 2993 395 3074 apographo
429 2994 548 3059 multus
583 2994 738 3061 lectiones
772 2996 960 3077 recepisset.
1016 2995 1084 3074 Nec
1114 3011 1247 3076 prorsus

103 3102 282 3167 destitutus
313 3101 392 3166 mihi
426 3101 560 3168 videbar
594 3122 676 3180 esse,
709 3105 903 3186 praesertim
937 3121 1007 3169 cum
1040 3108 1130 3168 'certe
1166 3100 1248 3166 libro

102 3212 207 3295 primo
231 3217 263 3276 et
293 3211 433 3279 secundo
466 3212 617 3296 (scilicet,
647 3211 703 3279 ubi
734 3218 898 3279 corrector
931 3213 986 3278 ille
1010 3211 1072 3297 (⁹²)
1108 3212 1161 3294 qui
1185 3211 1247 3275 lec-

102 3322 208 3386 tiones
232 3319 272 3384 ab
299 3319 332 3383 F
351 3321 495 3387 diversus
524 3322 558 3386 in
588 3327 755 3403 parentem
786 3321 906 3388 codicis
929 3321 975 3388 M
999 3319 1062 3406 (μὶ)
1093 3318 1248 3396 intulerit,

100 3423 186 3490 libro
216 3442 311 3506 quum
347 3425 609 3492 emendatissimo
642 3425 839 3493 conficiendo
862 3427 1082 3493 vehementius
1117 3443 1247 3507 operum

104 3531 207 3613 dedit)
231 3549 381 3598 uumerus
405 3550 514 3598 eorum
539 3532 691 3614 locorum,
716 3533 832 3617 quibus
856 3534 902 3600 M
919 3535 1058 3600 classem
1080 3559 1101 3598 α
1131 3553 1245 3616 seque·

100 3646 204 3720 retur,
227 3659 330 3724 paene
362 3641 464 3708 maior
498 3648 596 3725 esset,
628 3662 722 3725 quam
755 3643 871 3725 quibus
893 3646 925 3728 β,
958 3661 1062 3725 neque
1096 3643 1248 3709 deessent

101 3749 176 3828 loci,
200 3747 315 3831 quibus
331 3748 377 3814 M
394 3750 478 3816 tales
502 3749 658 3816 lectiones
682 3770 753 3817 cum
777 3753 882 3817 classe
905 3775 926 3816 α
942 3769 1123 3818 communes
1146 3749 1244 3816 habe-

99 3863 162 3936 ret,
188 3857 316 3940 quales,
350 3863 386 3923 ut
418 3863 533 3940 aperte
565 3857 665 3926 falsas
696 3865 730 3926 et
763 3865 932 3942 corruptus
966 3859 1114 3942 omnique
1149 3877 1245 3926 sensu
1300 3921 1305 3930 .

100 3971 261 4050 carentes,
292 3971 506 4034 correctorem
537 3967 676 4051 aliquem
706 3975 910 4052 recepturum
939 3967 1039 4035 fuisse
1071 3969 1148 4034 mili
1171 3987 1244 4051 per-

100 4071 240 4142 suadere
263 4092 325 4139 non
348 4081 503 4157 poteram.
542 4079 584 4143 At
600 4076 735 4159 primum
759 4096 823 4143 non
846 4078 1036 4144 numerandi
1058 4083 1151 4144 erant
1174 4078 1245 4158 loci,

98 4184 158 4252 sed
181 4183 412 4267 pemendcndi,
435 4191 532 4268 atque
557 4187 709 4268 apparuit
732 4205 788 4252 eos
812 4185 892 4253 adeo
915 4188 1001 4254 inter
1034 4203 1071 4254 se
1103 4186 1243 4267 differre,

99 4299 137 4361 ut
158 4291 320 4358 interdum
349 4312 431 4360 unus
463 4294 582 4361 multos
611 4295 642 4360 vi
669 4301 858 4379 superarem
891 4296 1007 4363 deinde
1036 4296 1243 4382 cogitandum

100 4410 183 4486 erat,
206 4419 269 4467 non
291 4419 374 4484 quae
397 4420 455 4470 nos
478 4405 640 4485 recepturi
674 4404 855 4488 fuissemus,
890 4405 947 4471 sed
980 4424 1061 4488 quae
1096 4405 1247 4488 antiquus

99 4513 155 4582 ille
192 4516 373 4596 corrector,
408 4517 441 4578 et
473 4531 512 4579 ne
536 4514 616 4581 haec
650 4515 777 4599 quidem
812 4515 924 4582 eadem
958 4533 1030 4585 esse
1067 4513 1246 4588 constabat.
