3062 5162
841 286 881 346 38

287 459 363 522 mihi
387 457 524 525 videtur.
569 457 693 524 Deinde
723 454 764 519 Vl
787 475 847 521 non
873 455 942 520 sine
966 472 1063 521 causa
1087 453 1301 522 coniecturum
1326 455 1428 532 temp·

288 567 380 647 tavit,
404 585 477 630 num
501 564 612 632 durius
637 571 696 648 est,
719 563 805 635 idem
830 569 862 628 et
885 583 981 630 unum
1007 581 1083 629 »se«
1108 563 1148 630 ad
1167 567 1337 645 utrumque
1360 577 1430 624 ver·

288 669 363 736 bum
378 669 503 738 referri.
538 670 679 753 Accedit,
697 670 781 752 quod
800 689 854 736 »se
872 670 1030 735 dilatare«
1048 669 1133 750 apud
1152 668 1339 736 Ciceronem
1355 684 1429 732 nus·

290 799 385 863 quam
397 779 565 858 invenitur,
577 780 634 846 sed
648 798 775 860 semper
786 779 965 861 »dilatari«,
978 778 1017 844 cf.
1035 779 1073 843 cle
1085 783 1151 844 nat.
1168 779 1251 844 deor.
1266 776 1298 841 II
1318 781 1376 842 135
1386 796 1431 856 ω

290 889 575 972 defin.11148nr;
599 889 637 953 de
652 909 715 970 rep.
732 889 775 955 IV
792 893 863 967 222,
888 887 942 954 ubi
967 906 1076 953 omues
1100 887 1228 953 codices
1251 904 1303 952 »se
1326 886 1433 971 gloria

291 999 420 1064 dilatari
441 999 535 1064 velit«
558 997 680 1064 habent
702 1005 834 1081 practer
862 999 1029 1082 Tlcqerns,
1057 1018 1136 1064 succ.
1163 996 1259 1081 XII),
1296 997 1348 1078 qui
1380 1014 1432 1060 »se

290 1106 392 1188 gloria
416 1105 555 1171 dilatare
579 1107 673 1171 velit«
696 1104 842 1189 praebet,
866 1105 1210 1188 quodHalmiusfalso
1233 1107 1364 1188 recepit.
1393 1143 1431 1152 -

380 1220 439 1279 147
449 1235 494 1283 ae:
518 1215 664 1292 »Quanta
686 1216 822 1296 primum
846 1215 1078 1296 intellegentia,
1103 1213 1219 1279 deinde
1236 1233 1433 1297 consequen-

293 1323 371 1388 tium
393 1341 502 1388 rerum
526 1341 594 1389 cum
618 1323 731 1405 primis
755 1321 935 1392 coniunctio
960 1329 992 1389 et
1016 1323 1257 1405 comprehensio
1291 1328 1379 1388 esset
1403 1324 1434 1386 in

292 1430 393 1509 nobis,
429 1450 467 1495 ex
503 1451 564 1514 quo
600 1433 751 1498 videlicet
774 1431 923 1516 (AuPV,
960 1433 1104 1498 videmus
1128 1431 1252 1516 BFM)
1285 1433 1359 1514 quid
1398 1451 1436 1496 ex

291 1535 470 1619 quibusque
503 1536 600 1602 rebus
623 1536 782 1604 efficiatur
804 1540 900 1622 idque
924 1539 1049 1605 ratione
1079 1536 1253 1624 (BOFM2,
1276 1539 1437 1604 rationem

291 1645 458 1726 AM¹PV3
484 1646 522 1727 cf.
546 1648 593 1712 Ill
610 1653 672 1718 85⁵
696 1649 820 1715 ratione
845 1649 998 1732 quadam]
1021 1649 1179 1715 rationem
1204 1667 1255 1731 qu.
1280 1647 1435 1726 A¹B¹V¹l

293 1754 521 1839 concludimus,
547 1776 573 1822 e.
594 1775 622 1838 q.
648 1777 689 1823 s«

381 1867 484 1932 Locus
507 1866 554 1932 ita
577 1873 613 1931 ut
636 1867 743 1938 editur
766 1885 864 1932 sanus
887 1885 948 1932 non
979 1871 1049 1933 est:
1078 1886 1181 1949 neque
1213 1864 1311 1932 verba
1342 1866 1438 1948 »quid

296 1993 335 2039 ex
370 1973 548 2056 quibusque
583 1971 679 2038 rebus
722 1971 898 2038 efficiatur«
933 1992 971 2038 ex
1007 1971 1258 2038 »concludimus«
1295 1971 1438 2053 pendere

282 2089 438 2165 possunt,
468 2119 500 2130 -
526 2103 599 2149 narn
624 2102 696 2148 cum
726 2101 882 2164 nusquam
917 2081 1142 2147 »corrcludere«
1173 2100 1244 2146 cum
1274 2081 1438 2146 sententia

294 2193 526 2274 interrogativa
550 2213 569 2257 a
593 2191 746 2258 Cicerone
771 2189 984 2273 coniungitur,
1006 2194 1074 2255 tum
1091 2188 1336 2269 »concludimus
1361 2187 1439 2270 quid

284 2302 616 2384 ·efficiatu1·«prorsns
640 2299 812 2366 absurdum
831 2304 880 2365 est
906 2337 946 2346 —
968 2317 1071 2386 neque
1084 2299 1215 2380 »idque«
1237 2292 1439 2360 »calecam«

299 2429 370 2477 csse
393 2415 511 2493 potest.
558 2410 669 2474 Altero
702 2407 804 2492 igitur
838 2403 935 2471 verbo
970 2425 1050 2488 opus
1086 2411 1150 2490 est,
1180 2407 1264 2472 unde
1298 2408 1441 2489 pendeat

296 2520 458 2588 sententia
480 2519 538 2584 illa
559 2515 803 2606 interrogativa,
828 2515 912 2598 quod
935 2513 1072 2596 praebet
1095 2514 1188 2589 nobis
1211 2515 1255 2600 B,
1282 2517 1314 2582 et
1345 2537 1439 2584 nemo

295 2633 355 2696 boc
380 2631 449 2695 loco
473 2626 660 2705 offenderet,
685 2623 746 2689 nisi
770 2645 789 2688 u
813 2622 976 2690 codicibus
993 2623 1107 2693 classis
1123 2649 1144 2689 u
1161 2625 1239 2691 illud
1255 2626 1440 2694 »uidelicet«

296 2736 388 2804 nobis
418 2735 589 2804 offerretur
620 2732 896 2814 suspicionemque
919 2737 1073 2808 moveret,
1099 2733 1198 2798 etiam
1230 2736 1438 2820 archetypum

296 2846 480 2912 »videlicet«
501 2843 653 2909 habuisse
687 2849 721 2907 et
755 2841 896 2907 codicem
920 2840 954 2904 B
983 2841 1043 2924 (vel
1066 2845 1101 2926 β)
1134 2844 1349 2912 coniecturam
1384 2866 1439 2930 po.

298 2955 411 3021 suisne.
459 2953 519 3018 Sed
544 2952 603 3016 hoc
628 2956 685 3016 aut
720 2970 757 3014 ex
780 2949 862 3014 falso
887 2950 970 3015 lecto
993 2949 1091 3017 verbo
1124 2953 1301 3020 »videmus«
1333 2961 1439 3023 ortum

297 3082 368 3130 esse
391 3066 509 3144 potest,
534 3097 573 3108 -
594 3065 632 3124 et
655 3057 851 3141 compendiis
884 3059 1005 3139 scripta
1035 3058 1114 3125 haec
1145 3061 1244 3127 verba
1276 3063 1440 3130 simillima

297 3175 389 3236 erant
416 3207 454 3216 —
480 3173 537 3234 aut
561 3166 694 3250 aliquis,
718 3167 772 3248 qui
795 3166 878 3231 hunc
900 3166 1015 3231 librum
1039 3168 1129 3252 legit,
1153 3178 1343 3238 cum'recte
1377 3175 1439 3240 »vi-

299 3279 426 3345 demus«
449 3280 509 3344 hoc
533 3279 602 3342 loco
627 3275 860 3360 quodammodo
884 3275 1024 3361 δυνάμει
1048 3283 1172 3344 tantum
1205 3299 1266 3346 non
1291 3279 1441 3369 ἐνεργείᾳ

282 3389 436 3472 ,positum
462 3405 533 3452 esse
557 3387 722 3468 sensisset,
746 3385 873 3450 »videre
903 3385 997 3450 licet«
1032 3387 1278 3472 superscripsit,
1313 3392 1396 3472 quod
1422 3416 1441 3457 α

296 3497 328 3561 in
352 3495 545 3574 »videlicet«,
569 3513 651 3577 quae
675 3493 826 3560 usitatior
849 3493 879 3558 ei
903 3498 974 3560 crat
996 3493 1109 3576 forma,
1134 3503 1333 3565 contractum
1350 3519 1439 3567 rece·

297 3604 354 3686 pit.
401 3604 516 3684 ltaque
541 3620 626 3694 quae
646 3601 681 3665 B
703 3599 838 3682 praebet
861 3601 1033 3668 scribenda
1056 3611 1148 3670 suut:
1181 3625 1237 3672 »ex
1259 3625 1322 3689 quo
1353 3609 1441 3674 vide-

296 3731 376 3792 mus,
401 3712 477 3794 quid
501 3731 539 3776 ex
563 3709 740 3793 quibusque
763 3709 860 3775 rebus
884 3709 1052 3792 efficiatur,
1083 3712 1179 3795 idque
1209 3714 1334 3782 ratione
1367 3737 1440 3784 cou-

297 3821 480 3900 cludimus«‚
505 3825 670 3902 »vermbge
693 3819 808 3886 dassen
843 3820 899 3886 uir
931 3820 1043 3901 sehon,
1077 3840 1142 3888 was
1177 3822 1246 3890 sich
1281 3843 1340 3892 aus
1371 3829 1440 3910 jeg-

296 3929 412 3996 licbem
436 3928 562 4014 folgern
586 3928 668 3994 lasst
690 3927 754 3993 und
785 3929 892 3994 dieses
924 3929 1009 3993 dann
1040 3930 1088 3996 als
1122 3930 1285 4014 logischen
1308 3933 1441 4002 Schluss

296 4036 533 4115 formuliemn«,
556 4057 629 4103 nam
653 4039 713 4102 boc
737 4037 952 4103 estuatione
976 4039 1211 4120 concluderem.
1225 4041 1265 4106 cf.
1281 4041 1360 4109 Luc.
1381 4050 1439 4112 25:

298 4146 504 4229 »Argumenti
530 4147 700 4230 conclusio,
724 4165 807 4229 quae
838 4149 888 4211 est
919 4165 1037 4230 graece
1071 4145 1248 4229 ἀπόδειξις,
1282 4150 1331 4217 ita
1358 4153 1440 4219 defi-

296 4253 402 4319 nitur:
426 4251 618 4340 ratiojjqnae
643 4273 681 4320 ex
703 4253 801 4320 rebus
824 4256 986 4337 perceptis
1010 4254 1107 4320 adid
1131 4256 1215 4338 quod
1243 4276 1305 4324 non
1320 4263 1440 4344 :perci-

295 4359 455 4446 piebatur,
480 4360 637 4441 adducit«,
671 4368 704 4426 et
736 4363 773 4426 dc
794 4363 853 4444 pta.
879 4363 927 4426 lll
964 4367 1025 4429 27:
1062 4363 1320 4433 »concluduntur
1344 4371 1444 4456 igitur

300 4487 411 4554 eorum
432 4474 618 4552 argumenta
644 4469 711 4534 sic:
737 4468 826 4546 Quod
853 4473 904 4534 est
920 4466 1047 4550 bonum,
1072 4488 1164 4536 omne
1187 4470 1351 4542 laudabile
1375 4483 1442 4543 est:
