3062 5162
186 1453 270 1588 'tsi
294 1493 375 1562 artis
399 1491 530 1560 criticae
564 1483 783 1559 in'Oieeronis
815 1492 907 1558 libris
937 1492 979 1560 ad
1009 1493 1242 1578 philosophiam

94 1599 320 1684 spectantibus
351 1597 549 1664 exercendae
577 1598 622 1663 lo.
648 1597 823 1682 Georgium
846 1599 1011 1664 Baiterum
1035 1605 1068 1666 et
1092 1601 1242 1668 Carolum

94 1712 260 1777 Halmium
283 1709 424 1774 editione
449 1727 506 1772 sua
529 1706 696 1772 Turicensi
720 1707 824 1772 altera
848 1707 1011 1790 egregium
1033 1709 1149 1776 iecisse
1173 1710 1243 1776 iun-

94 1821 282 1886 damentunr
313 1825 347 1884 et
378 1818 418 1883 de
451 1817 616 1882 Ciceronis
647 1815 754 1882 verbis
784 1817 983 1898 explicandis
1017 1823 1114 1900 atque
1147 1818 1243 1885 rasti-

95 1928 226 1996 tuendis
256 1928 377 2009 optime
400 1926 534 1992 meritos
558 1943 630 1990 esse
653 1943 746 1989 nemo
768 1924 920 2010 negabit,
953 1931 1062 1992 tamen
1095 1927 1242 1994 dubitan-

98 2039 174 2104 dum
198 2055 259 2102 non
283 2042 343 2118 est,
366 2036 441 2117 quin
467 2035 551 2099 illius
575 2033 726 2099 editionis
743 2039 918 2115 apparatus
935 2035 1066 2102 criticus
1083 2037 1244 2118 philologo

97 2142 282 2210 accuratius
307 2141 487 2223 disputanti
511 2159 571 2205 non
595 2139 659 2204 iam
684 2139 832 2205 sufficiat.
880 2140 937 2206 Cui
962 2160 1032 2207 eum
1055 2143 1120 2208 alia
1143 2143 1245 2208 multa

95 2253 234 2333 desunt,
258 2249 374 2332 quibus
398 2249 437 2314 ad
463 2248 590 2314 codices
614 2253 702 2314 recte
726 2249 944 2314 aestimandos
968 2268 1048 2332 opus
1071 2256 1142 2330 est,
1177 2257 1244 2317 tum

98 2361 140 2428 de
164 2359 368 2438 correcturis,
393 2378 474 2441 quae
497 2359 616 2439 passim
642 2359 672 2421 in
690 2356 836 2423 omnihus
852 2358 1015 2425 codicibus
1031 2360 1244 2437 inveniuntur,

93 2469 166 2536 fere
189 2469 268 2533 nihil
291 2475 348 2534 aut
371 2468 449 2532 nihil
474 2468 554 2532 certi
579 2467 712 2547 dicitur;
752 2473 864 2533 contra
899 2486 1027 2534 errores
1056 2487 1119 2535 non
1149 2470 1243 2551 pauci

94 2582 206 2645 insunt
217 2578 251 2661 ¹).
281 2566 510 2644 ¹Gaudendum
534 2577 635 2661 igitur
657 2582 716 2655 est,
741 2583 911 2658 postquam
924 2576 1089 2642 Vahlenus
1104 2577 1136 2642 in
1152 2597 1243 2644 usum

95 2687 249 2754 editionis
272 2705 350 2752 suae
381 2685 536 2751 librorum
563 2685 602 2750 de
624 2685 742 2768 lepidus
777 2685 905 2750 codices
938 2685 1056 2750 iterum
1092 2688 1242 2765 excussit,

95 2799 198 2862 virum
223 2795 443 2861 doctissimum
459 2795 493 2858 P.
512 2794 820 2876 Schwenkium,
844 2794 898 2875 qui
921 2813 1003 2859 nunc
1027 2793 1243 2862 bibliothecae

95 2907 210 2990 regiae
241 2903 462 2970 universitatis
485 2903 742 2987 Regimontnnae
773 2909 922 2987 praeest,
959 2904 1055 2969 etiam
1090 2903 1244 2972 librorum

94 3015 135 3080 clo
157 3018 276 3078 notura
298 3013 423 3078 deornm
447 3012 573 3078 codices
597 3012 700 3078 derruo
725 3013 899 3077 contulisse
927 3033 1100 3096 eorumque
1123 3015 1244 3082 variam

95 3123 269 3188 lectionem
303 3121 335 3185 in
371 3121 577 3202 ephemeride
613 3120 696 3184 The
731 3121 936 3186 classical
969 3122 1134 3187 Reviaw
1172 3126 1246 3189 anni

99 3233 219 3308 1890ss
245 3227 438 3311 publicasse.
497 3227 565 3306 Quo
597 3235 756 3310 apparatu
786 3229 899 3294 critico
933 3247 1057 3295 summa
1080 3250 1150 3296 cum
1175 3231 1247 3297 dili·

96 3338 210 3420 gentio
245 3341 342 3418 atque
374 3336 546 3417 prudentia
576 3335 722 3408 coniecto
750 3337 799 3401 usi
832 3335 906 3418 quid
931 3336 971 3402 de
995 3337 1158 3406 codicibus
1181 3357 1249 3404 ma-

93 3446 271 3527 nuscriptis
294 3445 490 3526 iudicemus,
513 3445 592 3509 mihi
615 3444 841 3526 disputandum
867 3445 1064 3530 proposui2).
1122 3446 1192 3525 Qua
1213 3446 1245 3511 in

91 3575 131 3621 re
154 3572 205 3618 me
229 3572 290 3619 non
314 3553 415 3636 fugit,
438 3553 589 3619 iudicium
613 3553 711 3637 illud,
745 3553 785 3618 ad
810 3553 894 3635 quod
917 3554 1104 3636 perventuri
1126 3573 1246 3638 sumus,

92 3669 223 3731 tantum
245 3663 277 3727 in
301 3663 351 3728 his
374 3662 412 3727 dc
434 3667 553 3727 trolano
575 3661 704 3727 deorum
726 3660 836 3742 libris,
866 3681 929 3728 non
953 3662 1101 3729 universe
1127 3663 1246 3742 valere,

173 3930 198 3999 1)
218 3927 306 3994 Quam
326 3930 436 3984 certum
456 3928 517 3983 eius
536 3928 585 3996 qui
605 3930 745 3998 apparatu
772 3929 822 3984 illo
838 3930 936 3983 utatur
955 3929 992 3983 de
1009 3927 1156 3984 codicibus
1176 3928 1248 3984 iudi·

98 4023 174 4080 cium
196 4022 241 4090 sit,
261 4021 425 4092 intelleges,
449 4021 473 4076 si
492 4040 516 4078 e.
533 4041 575 4093 gr.
595 4023 811 4092 comparaveris,
840 4024 911 4092 quot
929 4038 1024 4077 corum
1046 4023 1248 4093 exemplorum,

96 4133 171 4186 quaa
193 4115 292 4185 Mayor
311 4114 340 4168 in
363 4115 499 4170 librorum
525 4116 557 4168 de
577 4121 635 4170 not.
654 4117 726 4171 deor.
756 4115 890 4171 editionis
918 4115 1062 4170 volumine
1082 4115 1121 4169 lll
1147 4116 1183 4170 ad
1204 4133 1248 4171 co·

96 4211 175 4264 dieas
194 4207 385 4264 aestimandos
404 4208 479 4263 bona
498 4208 552 4264 fide
571 4209 682 4275 attulit,
700 4208 771 4264 falsa
790 4209 856 4263 sint.
885 4208 925 4264 cf.
944 4209 1032 4263 etiam
1051 4227 1078 4279 p.
1091 4209 1123 4262 21
1144 4209 1209 4264 adn.
1224 4213 1245 4264 l.

168 4303 197 4373 2)
217 4301 347 4358 Oodicem
368 4303 396 4356 B
417 4318 527 4356 summa
547 4303 719 4358 liberalitate
738 4303 793 4358 riri
812 4301 967 4357 doctissimi
988 4301 1079 4357 duit.
1099 4301 1143 4356 du
1162 4303 1247 4358 Rieu

97 4395 243 4454 Leidensis
271 4395 438 4465 Gottingam
466 4395 580 4450 missum
611 4397 663 4450 hac
694 4395 893 4451 dissertatione
923 4395 977 4449 iam
1008 4394 1164 4466 composita
1189 4395 1249 4466 ipso

95 4505 212 4562 quoque
232 4489 348 4545 contuli.
387 4488 427 4545 Cf.
446 4508 473 4560 p.
497 4491 540 4544 79.
625 4481 627 4486 ’
