3062 5162
880 353 922 412 lid

405 521 562 603 'Apparet
584 518 637 586 hic
662 518 839 605 librarium,
863 520 927 604 qui,
951 539 1021 588 curn
1043 521 1108 588 iam
1134 520 1284 589 adfinem
1308 522 1384 590 libri
1407 543 1474 606 pro-

328 636 471 713 peraret,
494 630 598 696 minus
623 635 769 696 attentus
802 637 900 711 esset,
935 631 1099 713 complure
1131 629 1182 698 bis
1210 631 1358 714 posuisse
1382 637 1474 714 etque

332 738 430 805 etiam
463 739 563 806 »cito«
596 738 677 805 nihil
719 757 790 808 esse
831 740 894 807 nisi
932 739 1088 824 syllabam
1125 740 1203 808 »cit«
1239 741 1329 808 verbi
1367 743 1475 810 aedre-

330 845 519 926 superescit«

418 951 640 1035 Coniecturae,
672 970 754 1034 quae
786 951 819 1018 in
843 950 891 1017 B¹
924 951 1139 1037 inveniuntur,
1174 971 1286 1020 omnes
1321 953 1476 1021 eiusmodi

331 1066 416 1145 suut,
447 1067 483 1127 ut
512 1061 653 1146 genuina
682 1061 734 1128 vix
764 1060 994 1140 obscurentur,
1025 1061 1084 1130 sed
1115 1062 1211 1129 facile
1245 1070 1476 1145 cognoscantur

331 1169 377 1237 uf.
401 1180 520 1255 e.'gr·.:
1314 1235 1318 1242 .

416 1278 432 1342 Ι
456 1279 517 1346 ls:
539 1277 641 1357 »Quid
672 1285 723 1344 est
754 1279 839 1344 enim
869 1278 1054 1346 temeritate
1087 1280 1215 1362 turpius
1246 1278 1378 1362 (sorcius
1402 1279 1475 1356 BF,

326 1386 448 1454 lortius
473 1387 523 1467 M,
548 1386 688 1472 adeost)
713 1394 770 1452 aut
793 1387 869 1470 quid
894 1405 919 1452 e.
944 1406 974 1470 q.
999 1406 1043 1454 s.«

420 1496 602 1562 Mirandum
632 1502 693 1574 est,
725 1496 810 1578 quod
832 1493 868 1560 F.
894 1499 931 1561 A.
954 1495 1089 1564 Wolfius
1122 1496 1295 1580 aliquando
1327 1496 1475 1564 »fortius«

332 1604 536 1670 retinendum
560 1622 631 1670 esse
655 1604 830 1672 contendit.
876 1606 1013 1672 Praetor
1034 1606 1137 1672 Acud.
1161 1607 1177 1671 Ι
1200 1612 1240 1672 45
1265 1610 1300 1672 et
1322 1605 1401 1672 aaa.
1426 1612 1475 1686 66,

334 1732 418 1796 quae
440 1713 592 1780 Baiterus
615 1715 736 1796 attulit,
761 1714 799 1780 ci.
825 1714 923 1780 etium
946 1713 985 1779 dc
1008 1715 1071 1780 dio.
1093 1716 1109 1780 Ι
1134 1721 1169 1782 7:
1193 1713 1293 1781 »Nam
1316 1732 1388 1782 cum
1411 1735 1476 1782 om-

330 1820 424 1888 nibus
447 1823 479 1886 in
502 1821 600 1888 rebus
624 1823 791 1889 temeritas
814 1823 846 1889 in
869 1823 1081 1893 adsentiendo
1112 1843 1265 1908 errorque
1288 1817 1400 1906 turpis
1417 1831 1476 1903 est,

331 1939 399 1996 tum
423 1949 450 1997 e.
475 1951 504 2015 q.
530 1951 574 1997 sa
620 1931 762 1997 Facilius
785 1939 903 2012 autem,
929 1951 1025 2015 quam
1047 1939 1153 2016 putes,
1183 1934 1239 1998 illa
1271 1932 1372 1999 verbu
1402 1953 1475 1998 cou-

330 2039 558 2124 fundebautur,
592 2040 632 2106 cf.
656 2041 688 2106 ΙΙ
714 2046 773 2106 127
786 2062 843 2110 ra:-
864 2039 979 2129 stirpe]
1013 2042 1098 2109 forte
1123 2041 1156 2108 0.
1181 2043 1341 2122 Ceterum,
1370 2050 1476 2109 utrum

332 2149 410 2214 aB
434 2149 561 2215 demum
585 2149 735 2216 »fortius«
770 2169 809 2215 en
844 2153 1005 2233 »turpius«
1039 2157 1226 2234 corruptum
1257 2153 1312 2236 sit,
1342 2171 1382 2218 an
1414 2152 1476 2218 inm

331 2255 363 2320 in
397 2257 572 2341 archetypo
603 2257 710 2339 luerit,
743 2277 814 2325 cum
846 2283 867 2325 a
897 2277 1030 2342 prorsus
1061 2260 1158 2341 desit,
1191 2267 1281 2327 certo
1310 2260 1400 2328 scire
1425 2280 1477 2326 ne·

334 2365 486 2450 quinus„

418 2474 450 2538 Il
474 2477 571 2542 allec:
595 2493 653 2540 nco
678 2475 889 2560 cessantium]
915 2473 981 2559 OV,
1005 2476 1241 2542 necessa‘ntium
1258 2473 1302 2556 A,
1325 2495 1388 2542 non
1412 2493 1476 2542 ces·

336 2583 476 2648 santium
500 2583 618 2649 BFM.
1108 2645 1110 2649 ,

322 2719 325 2725 ·
420 2697 514 2762 9619:
549 2694 778 2778 Aetnaeorum]
814 2694 1021 2764 ethnaeorum
1052 2697 1094 2773 A,
1127 2701 1262 2760 aeterna
1295 2712 1404 2760 eornm
1430 2693 1477 2758 B¹

338 2803 506 2886 (anteced-it
529 2804 725 2886 eruptione),
750 2803 981 2870 aetlmaeorum
1004 2801 1093 2883 ΒΨ,
1116 2804 1282 2870 aethneor.
1308 2801 1377 2869 CF.

421 2917 538 2980 idlae:
570 2912 765 2997 generieis
795 2913 933 2996 denique
963 2911 1110 2978 omnibus
1142 2911 1206 2992 01⁷,
1230 2911 1410 2993 iisdemque
1434 2909 1475 2990 A,

334 3016 496 3099 iidemque
520 3017 579 3101 B¹,
610 3019 776 3101 isdemque
801 3015 892 3100 ΒΨ,
922 3017 1110 3100 hisdemque
1133 3017 1185 3101 M,
1215 3017 1243 3084 is
1277 3017 1417 3100 denique
1440 3015 1477 3081 P.

418 3127 467 3192 ΙΙΙ
493 3133 576 3194 lie:
600 3125 758 3214 homiues]
783 3147 844 3193 non
868 3127 1013 3193 nomines
1036 3125 1095 3191 B1.

422 3241 515 3303 302o:
539 3236 619 3300 nihil
644 3242 733 3301 esset
755 3255 899 3318 cereum,
930 3235 1015 3317 quod
1046 3233 1237 3300 commutari
1260 3233 1478 3317 -nonpasscd

333 3349 456 3409 certum
472 3343 588 3408 debuit
610 3345 806 3428 archetypus,
830 3362 891 3408 nou
914 3361 973 3408 om.
998 3341 1055 3407 Bl.

422 3453 590 3519 Postremo
613 3454 894 3537 unumglossame,
919 3452 1004 3534 quod
1026 3451 1075 3517 B¹
1092 3451 1358 3519 interdiceronis
1383 3450 1478 3518 verba

330 3567 496 3643 receptum
519 3562 674 3645 praebet:

419 3673 435 3737 Ι
459 3677 554 3740 58³4:
579 3672 619 3736 de
642 3670 801 3736 familiare
824 3671 879 3738 illo
895 3669 963 3758 tuo]
986 3669 1088 3754 Aur,
1113 3671 1152 3736 de
1175 3668 1259 3736 lucio
1283 3687 1396 3736 crasso
1421 3671 1476 3753 (gr.

334 3781 396 3864 13¹)
419 3780 481 3846 illo·
498 3779 652 3846 familiari
675 3786 730 3846 tuo
748 3779 866 3860 BFM,
1097 3763 1100 3768 ⁵

421 3889 601 3956 certissime
634 3889 698 3955 iam
734 3888 767 3954 iu
804 3889 981 3973 archetypo
1018 3886 1081 3955 fuit
1125 3893 1158 3954 ct
1192 3885 1233 3954 ab
1267 3909 1289 3951 a
1327 3887 1479 3955 omissum

335 4005 395 4066 ast.
449 3997 599 4064 ueterum
623 3997 673 4064 =de
707 3997 767 4064 hoc
801 3999 872 4065 loco
896 3998 1107 4066 'accuratiore
1142 3995 1362 4080 disputatione
1403 4016 1481 4081 opus

335 4113 395 4191 est,
418 4125 533 4173 vereor
556 4106 649 4188 euim,
673 4125 886 4190 aequaeuam
908 4106 953 4174 sit
977 4107 1171 4190 corruptela,
1195 4103 1299 4172 adhuc
1316 4107 1482 4192 cognitum

337 4234 399 4282 non
422 4216 475 4282 sit.
1377 4235 1379 4238 ·

421 4318 627 4386 Videmus
649 4320 789 4404 igitur
811 4320 1001 4386 codicem
1026 4317 1074 4386 B¹
1097 4317 1385 4394 ,audaciorem
1400 4339 1480 4403 pro

336 4429 548 4515 genuinis
588 4428 733 4497 verbis
769 4431 1055 4497 coniecturam
1087 4429 1155 4495 vix
1197 4445 1368 4512 usquam
1410 4450 1480 4512 po-

337 4539 490 4621 suisse,
514 4539 586 4606 sed
609 4539 900 4628 multisdocis,
923 4537 1482 4626 quibusalteriusmenenis
