3062 5162
831 259 850 320 8

269 447 349 512 sum,
373 428 489 498 deinde
512 427 553 496 ab
576 429 647 512 ipsa
669 427 774 510 prima
796 447 891 494 manu
914 429 1167 513 superscriptum
1192 447 1274 496 esse.
1320 428 1415 496 Cato·

268 556 338 604 rum
364 537 517 604 ›modus‹
543 542 576 603 et
601 538 776 604 »mundus«
801 556 899 620 saepe
922 537 1175 621 confunduntur,
1198 544 1234 604 ut
1256 539 1288 604 ll
1310 543 1415 610 49102

269 649 413 731 modum]
437 646 587 714 mundum
610 646 697 726 BF;
733 653 831 716 591⁶:
854 666 955 729 prope
979 645 1118 735 modum]
1141 665 1241 730 prope
1265 647 1414 712 mundum

271 756 365 838 B¹O;
393 761 509 825 12020:
532 755 698 840 mundum]
722 756 850 822 mudum
875 754 939 836 A¹3
964 756 1004 820 al.
1028 756 1088 821 loc.
1112 793 1155 802 -

359 872 451 936 3423:
494 866 562 932 »Ειι
591 865 704 932 eadem
733 865 877 931 Platonis
909 864 1019 931 schola
1042 864 1195 931 Ponticus
1225 864 1417 930 Heraclides

270 973 448 1058 puerilibus
471 973 589 1040 fabulis
606 973 736 1039 refersit
753 973 853 1038 libros
870 979 904 1038 et
920 979 1028 1038 tamen
1046 972 1139 1038 modo
1163 972 1323 1055 mundum,
1347 979 1417 1038 tum

270 1089 412 1150 mentem
435 1083 573 1150 diuinam
597 1101 669 1149 esse
692 1087 787 1164 putat
810 1101 838 1148 e.
856 1100 885 1163 q.
903 1100 948 1148 s«

361 1191 520 1258 ›Tamen‹
546 1196 679 1272 propter
701 1209 831 1256 sensum
854 1189 932 1256 ferri
956 1209 1017 1254 non
1040 1195 1160 1271 potest,
1184 1195 1282 1272 atque
1298 1189 1417 1256 Schoe-

273 1319 406 1366 mannus
428 1300 510 1366 scite
532 1300 592 1366 hoc
616 1297 747 1365 uerbum
772 1319 810 1364 ex
832 1299 914 1364 falso
944 1300 1027 1365 lecto
1051 1299 1217 1384 signorm
1241 1329 1282 1354 =
1308 1307 1415 1365 »tuma

274 1417 378 1478 ortum
402 1428 474 1475 esse
498 1409 652 1488 coniecit,
685 1409 768 1490 quod
799 1406 951 1474 librarius
982 1409 1032 1474 vel
1064 1410 1165 1476 lector
1198 1409 1297 1491 aliqui
1320 1409 1419 1476 verbo

275 1519 408 1586 ›modo‹
434 1518 734 1600 superscripsisset,
765 1537 835 1583 cum
867 1518 962 1584 alteri
988 1526 1094 1584 atum«
1121 1519 1260 1586 alterum
1284 1538 1418 1602 respon·

275 1629 352 1699 dere
388 1627 507 1694 debere
539 1635 698 1710 putasset.
755 1629 824 1694 Hoc
858 1630 903 1718 ita
942 1647 1014 1695 esse
1048 1630 1193 1711 potuisse
1228 1648 1292 1696 non
1326 1649 1419 1713 nego,

277 1755 467 1818 quamquam
492 1755 553 1801 non
576 1736 745 1819 intellego,
778 1756 834 1803 cur
857 1737 959 1802 lector
980 1737 1035 1803 ille
1059 1756 1121 1802 non
1145 1755 1282 1820 sequens
1309 1744 1417 1805 »tum«

275 1847 307 1912 in
334 1846 487 1929 amodo«,
522 1847 578 1912 sed
610 1846 805 1911 aritecedens
838 1846 971 1912 »modo«
997 1846 1028 1910 in
1055 1853 1161 1912 »tum«
1188 1847 1365 1913 correxerit
1388 1855 1423 1913 et

277 1974 334 2024 cur
368 1954 441 2020 aliis
473 1955 569 2033 locis,
604 1956 657 2037 qui
692 1973 792 2036 prope
816 1956 949 2034 adsunt,
983 1956 1035 2020 ubi
1072 1956 1185 2021 eadem
1223 1956 1356 2023 ›modo‹
1388 1965 1424 2024 ct

278 2070 385 2130 »tum«
411 2053 496 2134 inter
519 2083 554 2130 se
578 2070 789 2147 opponuntur,
814 2066 940 2129 omnino
964 2065 1041 2129 nihil
1066 2065 1249 2130 mutaverit.-
1286 2063 1420 2130 Sed'in-

278 2171 372 2236 terim
395 2189 527 2252 prorsus
551 2170 737 2236 omittamus
760 2171 819 2235 hoc
842 2169 983 2236 verbum.
1029 2170 1195 2236 Habemus
1217 2171 1334 2254 igitur:
1370 2174 1425 2236 »et

278 2278 372 2342 modo
412 2279 580 2354 mundum,
613 2282 681 2344 tum
724 2285 863 2345 mentem
895 2279 1035 2346 divinam
1075 2278 1146 2346 esse
1178 2284 1304 2361 putat«.
1355 2279 1424 2344 lam

280 2386 426 2468 quaestio
461 2388 581 2470 oritur,
623 2406 695 2452 num
730 2387 842 2453 Cicero
876 2371 1003 2452 omnino
1037 2389 1122 2454 inter
1155 2406 1190 2454 se
1224 2387 1426 2453 coniunxerit

282 2496 541 2564 ›modo-tum«.
586 2496 622 2563 In
646 2495 846 2562 orationibus
876 2497 998 2562 nullum
1022 2502 1130 2562 exstat
1152 2496 1345 2577 exemplum,
1370 2513 1426 2559 ne-

280 2624 341 2688 que
373 2605 470 2670 ullum
504 2605 537 2670 in
574 2605 722 2688 epistulis
753 2604 899 2688 equidem
927 2605 1043 2670 inveni.
1098 2605 1187 2682 Quae
1221 2623 1285 2671 una
1314 2602 1426 2670 afferri

278 2719 423 2797 possunt,
448 2715 527 2779 haec
550 2719 634 2798 sunt,
659 2733 741 2796 quae
763 2716 795 2778 in
812 2715 862 2780 his
879 2715 958 2797 ipsis
981 2716 1019 2780 de
1040 2721 1159 2779 notura
1181 2714 1308 2779 cicorum
1331 2711 1426 2780 libris

279 2823 499 2890 inueniuntur:

369 2933 443 3000 131
460 2953 506 3002 aa:
541 2932 653 2998 »Facit
687 2933 770 2998 enirn
793 2931 996 3019 (Xenophon)
1022 2983 1028 2998 .
1052 2981 1060 2998 .
1086 2983 1093 2998 .
1118 2932 1284 3000 Socratem
1316 2932 1427 3014 dispu-

281 3047 422 3124 tantem,
446 3041 582 3110 formam
606 3042 658 3110 dei
681 3043 793 3124 quaeri
817 3061 877 3108 non
902 3048 1069 3126 oportere,
1094 3042 1292 3124 eundemque
1317 3047 1350 3106 et
1373 3060 1428 3108 so-

281 3151 344 3216 lem
368 3156 402 3218 et
425 3151 566 3217 animum
590 3151 682 3216 deum
706 3150 814 3215 dicere
838 3156 872 3216 et
894 3150 1013 3217 modo
1036 3169 1150 3233 unum,
1182 3155 1426 3216 tumentem

279 3260 388 3340 plures
412 3259 517 3326 deos«

369 3368 401 3446 ll
427 3373 527 3436 1021:
550 3367 643 3450 isque
668 3368 744 3451 (sol)
768 3367 875 3434 oriens
899 3374 932 3434 et
954 3368 1103 3434 occidens
1127 3368 1212 3433 diem
1236 3372 1427 3449 noctemque

283 3473 409 3554 conficit
432 3482 466 3540 et
488 3475 603 3545 modo
626 3475 800 3559 accedens,
831 3480 912 3542 tum
937 3482 1076 3542 autem
1100 3476 1256 3542 recedens
1280 3474 1372 3540 binas
1395 3475 1428 3540 in

284 3584 421 3670 singulis
446 3586 538 3654 annis
561 3585 763 3653 reversiones
786 3584 826 3650 ab
851 3590 993 3652 extremo
1018 3585 1197 3651 contrarias
1220 3583 1329 3650 lacit«

371 3695 450 3762 135
463 3715 509 3764 n:
546 3694 679 3760 amodo
721 3695 804 3760 enim
844 3695 943 3760 menti
981 3694 1121 3761 divinum
1160 3692 1275 3760 tribuit
1310 3693 1428 3775 (Theo-

285 3803 453 3887 phrastus)
483 3804 715 3886 principatum,
752 3804 868 3871 modo
901 3805 1009 3887 caelo,
1043 3810 1127 3870 tum
1158 3808 1296 3870 autem
1328 3801 1432 3888 signis

283 3909 508 3994 sideribusque
530 3911 756 3979 caelestibus«
1151 3961 1154 3968 ,

373 4017 389 4081 I
414 4021 494 4085 33⁷:
527 4018 663 4083 »modo
687 4019 769 4082 enim
793 4018 893 4084 menti
924 4016 1039 4084 tribuit
1062 4016 1283 4099 (Aristoteles)
1306 4033 1433 4080 omnem

289 4124 508 4207 divinitatem,
543 4124 659 4191 modo
681 4126 833 4191 mundum
856 4125 961 4209 ipsum
984 4125 1077 4190 deum
1102 4124 1181 4189 dicit
1203 4142 1291 4204 esse,-
1314 4124 1432 4188 modo

287 4235 386 4300 etiam
410 4233 570 4316 quendam
592 4233 739 4317 praeficit
762 4233 880 4299 mundo
904 4235 995 4318 eique
1018 4251 1072 4299 eas
1096 4237 1208 4318 partes
1231 4229 1362 4312 tribuit,
1397 4238 1433 4297 ut

287 4343 496 4428 replicatione
521 4343 656 4426 quadam
681 4344 788 4410 mundi
806 4350 925 4411 motum
950 4349 1043 4426 regal
1065 4348 1162 4428 atque
1184 4347 1324 4420 tueatur,
1349 4345 1431 4408 tum

286 4435 366 4520 caeli
390 4453 539 4556 ardorem
562 4453 658 4520 deum
682 4454 759 4519 dicit
783 4471 884 4521 esse«
