3062 5162
817 281 840 371 .'
886 305 926 368 aa

331 496 404 544 nam
427 477 582 561 primum,
615 478 643 543 si
666 477 875 557 coniecisset,
906 477 1089 545 addidisset
1111 478 1203 558 sad«,
1227 477 1311 562 quod
1335 479 1483 547 lecerunt

330 585 480 668 A²0M³‚
505 588 620 655 deinde
642 606 757 670 reapse
781 589 876 671 plura
897 589 1077 672 meliusque
1100 593 1230 656 servata
1253 590 1353 656 etiam
1376 590 1408 656 in
1435 591 1481 656 eis

330 715 413 779 quae
439 697 585 779 proxime
618 703 797 780 sequuntur
828 697 919 783 legit.
964 699 1003 764 Id
1032 698 1133 782 igitur
1162 704 1290 768 constat
1319 699 1424 766 codici
1448 698 1482 764 B

330 807 390 874 hac
415 808 485 873 loco
508 807 634 890 priores
658 806 850 874 deferendas
874 806 990 890 88881).
1014 844 1056 856 -

417 918 486 984 Iam
519 936 619 1000 supra
650 918 983 998 commemoravimus,
1014 916 1265 987 Heidtmannum
1295 920 1316 986 1.
1330 939 1356 986 o.
1381 918 1481 987 verba

330 1044 430 1110 »quae
455 1077 463 1094 .
487 1076 495 1092 .
521 1075 528 1092 .
552 1027 754 1093 necessaria«
783 1027 981 1110 interpolata
1012 1045 1085 1094 esse
1119 1027 1250 1094 dixisse.
1296 1027 1367 1107 Qua
1388 1029 1422 1095 in
1445 1048 1481 1094 re

238 1223 241 1228 Ι
330 1154 452 1202 summo
467 1135 572 1202 utitur
587 1141 788 1220 argumento,
812 1138 896 1220 quod
922 1155 1098 1220 pronomen
1113 1136 1284 1204 relativum
1306 1138 1373 1204 »De
1389 1157 1480 1221 qua«,

330 1264 391 1327 quo
415 1263 554 1328 sequens
577 1246 739 1312 sententia
762 1245 969 1332 adiungitur,
993 1247 1036 1313 ad
1059 1247 1219 1330 quodnam
1243 1245 1479 1315 substantivum

322 1355 501 1435 referatur,
526 1355 663 1422 seruatis
685 1356 751 1422 illis
775 1354 883 1422 verbis
905 1361 973 1423 tam
997 1353 1127 1422 dubium
1151 1355 1205 1435 sit,
1228 1361 1265 1422 ut
1289 1356 1480 1424 Ciceronem

330 1465 378 1530 ita
400 1464 571 1546 scripsisse
595 1464 790 1531 credendum
806 1482 868 1530 non
885 1463 938 1530 sit.
976 1463 1039 1530 Sed
1057 1481 1115 1547 ego
1135 1464 1254 1532 nullam
1278 1463 1370 1532 video
1394 1465 1479 1532 dilii-

330 1574 504 1653 cultatem,
527 1580 564 1640 ut
586 1574 697 1640 multis
720 1573 817 1653 locis,
851 1572 966 1660 quibus
990 1574 1044 1639 ille
1067 1574 1209 1656 aliquam
1232 1592 1304 1641 esse
1328 1575 1479 1657 opinatus

329 1688 390 1750 est
436 1684 518 1749 Nam
541 1683 612 1766 ipss
634 1683 691 1751 illa
714 1683 878 1750 sententia
907 1683 1045 1750 relativa
1076 1683 1117 1749 ad
1140 1684 1397 1766 »quaestionem«
1422 1685 1478 1751 ad·

328 1793 414 1860 iacta
444 1793 539 1860 huius
562 1791 651 1859 verbi
675 1793 738 1859 vim
761 1793 843 1860 adeo
867 1798 981 1876 auget,
1004 1798 1041 1860 ut
1063 1793 1135 1876 plus
1152 1793 1262 1859 valeat
1285 1813 1380 1876 quam
1405 1814 1477 1862 »na-

329 1906 419 1967 tura«
443 1908 539 1985 atque
564 1903 663 1968 etiam
696 1901 761 1967 »De
785 1920 865 1983 qua«
888 1901 929 1967 ad
953 1921 988 1968 88
1017 1900 1133 1968 referri
1156 1902 1309 1982 postulet.
1356 1902 1477 1969 Prono·

329 2010 425 2076 minis
449 2017 557 2076 autem
582 2009 621 2076 ad
646 2008 884 2076 substantivum
915 2009 1041 2092 longius
1074 2008 1268 2076 antecedens
1298 2010 1395 2076 relati
1419 2012 1477 2077 hoc

329 2137 454 2201 quoque
478 2118 626 2185 conferas
650 2119 840 2201 exemplum,
863 2118 894 2182 ll
921 2122 1000 2184 140:
1034 2118 1101 2183 »Ad
1135 2118 1217 2184 hanc
1239 2118 1477 2200 providentiam

328 2235 465 2296 naturae
489 2236 555 2294 tam
580 2229 766 2311 diligentem
783 2235 912 2314 tamque
929 2228 1094 2295 sollertem
1119 2227 1253 2313 adiungi
1278 2229 1379 2295 multa
1404 2249 1476 2313 pos·

330 2343 415 2421 sunt,
440 2357 457 2404 8
480 2337 596 2420 quibus
619 2339 843 2420 intellegatur,
872 2343 1013 2420 quantae
1036 2355 1089 2403 res
1113 2336 1294 2404 hominibus
1317 2357 1476 2422 quamque

331 2448 465 2514 eximiae
488 2447 631 2514 tributae
655 2450 729 2514 sint.
776 2448 865 2526 Quae
888 2447 1026 2529 primum
1050 2464 1088 2513 ex
1111 2448 1207 2512 humo
1230 2446 1389 2513 excitatos
1414 2448 1476 2514 cel·

328 2577 382 2624 sos
405 2562 438 2624 et
462 2563 588 2624 erectos
612 2558 796 2636 constituit,
828 2562 865 2622 ut
888 2556 1021 2622 deornm
1045 2555 1257 2636 cognitionem
1282 2556 1407 2621 caelum
1432 2558 1475 2621 in·

327 2674 458 2734 tuentes
482 2685 598 2750 capere
621 2665 816 2752 possent«²).

415 2775 480 2843 Sed
512 2795 693 2860 pergarnus.
750 2776 866 2841 Totum
901 2773 1001 2856 igitur
1034 2772 1129 2855 primi
1162 2769 1238 2838 libri
1272 2771 1404 2840 initium
1445 2774 1473 2838 in
1506 2771 1508 2855 j

406 3055 429 3124 l)
449 3052 517 3108 Sero
537 3051 596 3106 vidi
616 3051 671 3106 iam
692 3052 725 3104 A.
745 3050 895 3106 Goethium
916 3049 1067 3118 (Ciceronis
1093 3050 1127 3106 de
1153 3053 1211 3104 nat.
1231 3050 1306 3106 deor.
1326 3049 1396 3106 libri
1416 3055 1472 3118 tros,

330 3145 375 3199 fiir
394 3144 448 3199 den
469 3143 699 3212 Sohuigebranch
725 3143 841 3197 erkliirt.
879 3142 993 3214 Leipzig
1015 3142 1094 3211 1887)
1117 3144 1147 3196 81
1169 3141 1222 3196 hoo
1246 3140 1307 3196 loco
1326 3141 1471 3199 lectionem

330 3235 434 3291 codicis
453 3236 481 3288 B
501 3252 517 3288 a
536 3233 703 3288 Schwenkio
723 3233 806 3300 (Phil.
818 3233 961 3286 Rundseh.
975 3233 1041 3286 1885
1057 3232 1156 3302 past,
1175 3249 1258 3300 quem
1278 3232 1384 3287 librum
1404 3231 1472 3302 quod

328 3326 467 3396 inspicere
491 3325 561 3378 mihi
588 3342 645 3380 non
673 3324 769 3391 lionit,
800 3324 893 3391 doleo)
922 3323 1148 3377 commendatam
1174 3323 1312 3393 recepisse
1332 3325 1363 3379 et
1381 3323 1471 3394 paucis

329 3420 407 3489 aljis:
434 3421 449 3489 ξ
468 3420 484 3472 2
506 3419 557 3472 »de
577 3417 722 3484 actiones,
742 3417 776 3470 88
798 3417 1004 3471 »continentem
1023 3417 1189 3484 ardorum«,
1215 3419 1249 3472 48
1270 3419 1471 3488 »pulcherrirna

331 3511 405 3575 est«,
425 3526 497 3578 qnae
516 3511 549 3561 ut
567 3508 774 3576 reciperentur,
800 3506 932 3561 Deiterns
950 3506 1033 3576 (Mus.
1053 3507 1141 3562 Rhen.
1164 3507 1232 3561 1882
1252 3525 1279 3577 p.
1297 3509 1352 3562 314
1369 3511 1400 3564 et
1420 3509 1470 3562 »De

330 3601 472 3658 Ciceronis
491 3600 636 3654 codicibus
657 3598 799 3652 Vossianis
818 3599 853 3652 84
873 3603 903 3653 et
920 3601 955 3653 86
981 3599 1072 3653 denuo
1099 3599 1238 3654 excussis«
1266 3599 1389 3658 Aurioae
1411 3601 1469 3656 1886

329 3712 356 3763 p.
376 3693 423 3761 75)
443 3691 598 3756 monuerat,
618 3691 652 3743 49
674 3694 867 3753 »cernantur«,
886 3691 919 3742 'il
942 3693 1009 3744 »aut
1027 3689 1095 3758 quid
1115 3690 1153 3744 sit
1171 3693 1252 3759 qnasi
1271 3693 1404 3764 sanguis«
1424 3708 1466 3746 888

328 3788 436 3856 sponte,
453 3784 479 3837 11
501 3784 550 3838 149
572 3781 687 3837 »dentes
707 3784 736 3837 et
755 3781 842 3836 alias«
864 3781 1030 3838 Schwenkio
1049 3783 1129 3853 (1.8.)
1148 3785 1271 3838 auctore.

400 3879 428 3945 2)
448 3877 541 3934 Verba
562 3894 594 3930 »a
614 3874 691 3940 dis«,
711 3893 783 3944 quae
802 3875 912 3931 codices
931 3878 995 3946 post
1016 3875 1209 3931 ›hominibus‹
1231 3875 1378 3943 exhibent,
1399 3894 1468 3948 aper·

330 3973 438 4028 tissime
457 3970 654 4042 interpolatori
674 3970 829 4036 debentur,
857 3989 922 4026 nam
941 3970 1055 4026 omnino
1075 3987 1130 4026 non
1150 3969 1310 4040 quadrant,
1329 3987 1395 4028 cum
1414 3970 1466 4026 aliia

331 4068 366 4123 de
386 4065 476 4122 causis
495 4067 570 4130 tum,
589 4063 665 4132 quod
685 4063 782 4120 (linaro
802 4064 845 4120 hio
865 4065 998 4119 distinete
1018 4065 1052 4120 de
1071 4069 1175 4120 natura
1193 4064 1309 4134 eiusque
1329 4066 1466 4136 providen-

331 4161 374 4215 tia
393 4160 421 4214 in
441 4158 554 4213 homine
572 4156 737 4213 fabricando
752 4158 881 4212 elucente
894 4157 974 4222 dicit,
992 4157 1027 4212 oi.
1049 4159 1154 4227 140323
1175 4158 1283 4227 lllra;
1304 4158 1407 4227 liano,
1425 4154 1466 4213 etsi

329 4253 400 4311 alibi
418 4253 510 4322 (velut
527 4253 613 4322 paulo
635 4255 715 4315 ante,
746 4253 762 4320 ἕ
786 4252 845 4322 183)
865 4251 978 4307 deorum
998 4255 1028 4308 et
1046 4254 1163 4308 naturae
1182 4252 1394 4322 providentiam
1413 4269 1465 4307 oon·

328 4346 430 4402 fundit.
462 4344 640 4400 comantem
656 4345 743 4400 verba
761 4345 811 4399 illa
829 4346 974 4415 tamquam
994 4345 1117 4414 genuina
1135 4347 1250 4416 recepta
1268 4348 1371 4412 essent,
1391 4345 1462 4401 81188

329 4441 481 4497 relativum
497 4455 600 4508 ›qnae‹
617 4439 645 4493 in
667 4439 749 4508 ›qni‹
770 4441 911 4494 mutatum
925 4442 976 4505 est,
994 4440 1110 4496 verbum
1132 4437 1314 4495 ›constitnit‹
1336 4438 1462 4510 integrum

331 4533 474 4604 remansit,
493 4535 592 4606 postea
612 4533 724 4590 demum
744 4551 761 4590 8
782 4533 816 4590 0¹
835 4535 866 4590 et
882 4533 932 4590 Μ’
951 4551 1083 4591 numerus
1100 4532 1220 4605 pluralis
1237 4532 1348 4604 positus
1367 4536 1416 4590 881.
