3062 5162
851 312 892 374 30

301 483 455 564 tellegerc
478 483 556 566 vult,
581 501 737 566 quaerere
758 481 887 562 debeat,
911 501 995 566 quae
1019 501 1144 566 quoque
1167 484 1237 550 loco
1260 483 1450 550 Ciceronem

302 593 388 657 inter
411 597 445 657 et
468 591 610 658 Graecos
634 594 718 658 ratio
751 593 933 659 intercedat
964 592 1117 674 cuiusque
1145 598 1202 658 aut
1224 592 1371 660 referens
1393 597 1452 658 aut

301 701 442 784 probans
465 707 521 768 aut
552 700 738 783 improbans
769 701 962 768 mentionem
993 701 1110 778 sociat,
1143 706 1250 770 tamen
1273 701 1451 768 cavendum

302 819 362 894 est,
386 831 436 894 ne,
461 829 531 878 curn
555 811 622 876 talc
646 810 722 892 quid
745 810 959 894 investigasse
983 809 1075 876 nohis
1098 810 1273 888 uideamur,
1297 810 1373 892 quid
1398 809 1452 875 Ci-

300 939 374 986 cero
397 922 466 1001 ipse
496 919 604 983 dicere
634 918 789 998 uoluerit,
824 916 963 999 quidque
997 916 1028 981 in
1060 914 1193 982 cudibus
1223 915 1315 982 nobis
1347 915 1452 981 tradi·

301 1034 368 1093 tum
393 1029 454 1104 sit,
485 1027 703 1110 neglegamus.
749 1024 839 1102 Quod
865 1025 924 1090 hoc
955 1023 994 1088 de
1024 1043 1085 1106 quo
1105 1024 1214 1108 agitur
1235 1025 1305 1090 loco
1329 1023 1452 1092 lactum

303 1135 381 1201 mihi
404 1135 532 1200 videtur
555 1153 635 1200 esse.
682 1133 765 1199 Nam
789 1151 922 1215 prorsus
946 1132 1065 1198 diversi
1089 1138 1164 1198 sunt
1186 1132 1276 1198 locus
1298 1132 1354 1197 ille
1379 1133 1452 1196 Ari-

304 1243 431 1309 stotelis
455 1250 489 1308 et
511 1242 562 1308 hic
587 1241 760 1308 Ciceronis.
798 1240 990 1306 Aristotcles
1014 1239 1054 1306 dc
1078 1240 1202 1322 origine
1224 1240 1453 1323 philosophiae

303 1353 466 1435 disputat,
503 1352 616 1418 Cicero
648 1348 854 1415 Academiam
888 1367 980 1415 suam
1012 1349 1223 1416 commendat.
1271 1350 1386 1431 ltaque
1410 1350 1451 1414 de

302 1481 435 1530 »causa«
458 1461 679 1544 philosophiae
703 1459 910 1544 cogitandum
934 1478 995 1524 non
1020 1465 1081 1542 est,
1105 1459 1163 1528 sed
1187 1467 1374 1541 corruptum
1398 1465 1451 1524 est

303 1569 445 1638 verbum.
489 1571 626 1652 Reliqua
658 1570 756 1651 igitur
778 1575 869 1636 sunt:
901 1569 1107 1651 »principium
1132 1569 1353 1652 philosophiae
1377 1588 1452 1634 esse

303 1677 532 1759 inscientiam«,
563 1695 636 1742 narn
660 1676 740 1741 haec
764 1694 821 1756 pro
845 1677 892 1742 eis
914 1694 997 1758 quae
1021 1675 1210 1742 uadoncur:
1242 1675 1453 1758 »principium

305 1785 526 1868 philosophiae
556 1785 597 1850 ad
626 1787 646 1849 ll
669 1785 873 1870 scientiam«,
903 1785 1074 1852 scribenda
1106 1805 1198 1870 esse,
1232 1786 1318 1852 inter-
1340 1805 1454 1851 omnes

305 1903 454 1962 constare
484 1895 622 1982 ridetur.
675 1895 787 1962 Utitur
817 1901 925 1962 autem
955 1895 1068 1962 Cicero
1100 1895 1197 1962 verbo
1228 1895 1455 1962 »inscientiae«

304 2025 363 2087 pro
387 2005 534 2088 termino,
558 2011 594 2072 ut
617 2005 738 2087 dicunt,
762 2005 1033 2087 philosophorum,
1056 2011 1093 2071 ut
1105 2004 1370 2072 Academicorum
1394 2005 1455 2071 do·

305 2115 460 2194 cuinam,
491 2133 554 2197 qua
577 2113 669 2184 nihil¹
687 2118 811 2179 certum
844 2112 919 2179 sciri
943 2132 1038 2195 posse
1061 2110 1252 2196 tradebant,
1283 2113 1455 2196 significet,

307 2231 339 2290 et
372 2225 596 2306 »principium«
624 2228 675 2289 est
703 2223 965 2302 fundamentum,
996 2224 1027 2286 in
1058 2242 1120 2305 quo
1153 2226 1290 2300 struitur
1320 2224 1455 2308 aliquid,

306 2334 356 2400 vel
378 2333 462 2400 unde
487 2333 664 2414 disputatio
695 2333 803 2413 aliqua
832 2331 1045 2413 proficiscitur
1075 2337 1132 2398 aut
1161 2332 1320 2414 proficisci
1344 2331 1454 2416 debet,

307 2442 346 2508 of.
370 2442 409 2506 de
428 2443 485 2524 pin.
509 2441 553 2506 IV
579 2447 638 2508 53:
672 2441 735 2508 »Ut
769 2443 851 2508 enim
883 2443 926 2507 sit
955 2442 1039 2524 apud
1062 2443 1137 2510 illos
1238 2443 1317 2508 ordo
1344 2461 1454 2508 rerum
1509 2489 1510 2553 q

308 2556 516 2622 conservatus
555 2558 589 2616 et
625 2551 731 2616 omnia
764 2553 849 2618 inter
882 2569 917 2617 se
955 2559 1032 2634 apta
1071 2557 1104 2619 et
1144 2569 1304 2636 connexa,
1345 2557 1456 2618 tamen

306 2659 456 2741 persequi
483 2677 545 2725 non
573 2656 743 2741 debemus,
779 2660 808 2724 si
837 2678 857 2724 a
888 2659 978 2726 falsis
1008 2660 1174 2743 principiis
1208 2659 1355 2744 proiecta
1379 2680 1455 2727 con·

307 2775 425 2851 gruunt
457 2769 527 2851 ipsa
560 2768 623 2834 sibi
655 2775 688 2834 et
712 2789 731 2836 a
754 2770 918 2850 proposito
949 2789 1010 2836 non
1041 2777 1183 2850 errant«,
1217 2771 1331 2837 etAc.
1355 2771 1454 2836 142:

308 2879 410 2961 »quod
444 2884 562 2945 natura
585 2879 678 2960 quasi
700 2897 845 2944 normam
876 2879 1031 2945 scientiae
1054 2886 1088 2945 et
1110 2879 1302 2962 principium
1325 2881 1374 2946 sui
1397 2880 1456 2946 de·
1508 2931 1509 2984 l

308 2987 453 3065 disset«;
486 2987 568 3052 alios
602 2986 722 3052 similes
752 2987 839 3052 locos
873 2988 967 3054 facile
997 2988 1153 3055 invenias.
1199 2986 1364 3054 Habemus
1393 2989 1455 3073 igi-

308 3103 382 3162 tur:
419 3096 494 3161 »die
518 3095 832 3162 ausserordentliohe
860 3095 1158 3182 Mannigfaltigkeit
1180 3099 1238 3164 der
1261 3086 1454 3182 Meinungen

308 3205 389 3272 dher
413 3205 472 3272 das
495 3205 612 3270 Wesen
636 3204 695 3270 der
718 3206 834 3270 thter
857 3206 900 3272 ist
930 3207 980 3272 ein
1004 3207 1309 3290 schwerwiegender
1332 3208 1456 3275 Beweis

308 3315 413 3398 datur,
446 3314 524 3380 dass
548 3314 599 3378 die
623 3312 865 3396 grundlegende
887 3314 1162 3400 Voraussetzung‚
1187 3316 1245 3381 der
1267 3317 1455 3402 Ausgangs-

307 3427 406 3504 punct
436 3422 517 3486 aller
541 3422 748 3502 Philosophie
779 3422 832 3487 die
856 3420 1114 3508 Uebarzcugung
1143 3443 1203 3490 von
1232 3424 1291 3489 der
1315 3424 1455 3506 Unmlig·

309 3530 442 3596 lichkeit
466 3531 523 3596 des
554 3529 723 3596 absoluten
746 3531 892 3598 Wissens
924 3533 994 3598 sein
1026 3551 1139 3598 muss«.
1193 3533 1282 3599 Haec
1312 3552 1393 3599 sona
1423 3539 1455 3599 et

309 3641 430 3722 optima
453 3647 545 3720 sunt3
577 3639 707 3706 verbum
738 3661 869 3708 »causa«
900 3641 1044 3710 abundat
1074 3664 1132 3709 nac
1156 3665 1176 3709 a
1199 3644 1352 3710 Cicerone
1377 3645 1455 3710 sori-

309 3757 398 3831 ptum
422 3751 480 3816 sad
510 3751 656 3832 spurium
680 3756 737 3817 cst.
783 3753 888 3834 Atque
910 3754 995 3832 iam,
1026 3753 1110 3819 unde
1135 3760 1239 3819 ortum
1264 3755 1321 3838 sit,
1346 3761 1453 3821 osten·
1506 3767 1507 3848 ᾗ

310 3858 431 3924 demus.
478 3858 620 3924 Primum
650 3860 734 3924 enim
764 3860 798 3925 in
822 3861 931 3928 codice
955 3861 990 3926 B
1003 3912 1010 3940 ‚
1044 3881 1106 3943 quo
1129 3881 1192 3928 uno
1215 3867 1301 3928 teste
1323 3863 1453 3946 utimur,

310 3975 385 4034 unte
401 3967 544 4033 »vanae«
560 3968 652 4034 deest
668 3974 785 4048 »tamr3
808 3970 923 4036 deinde
940 3970 1069 4036 verbum
1089 3990 1220 4037 »causa«
1242 3973 1453 4053 grammatica

308 4077 435 4143 ratione
459 4076 501 4142 ad
523 4078 706 4144 continuam
730 4079 909 4145 orationem
942 4078 1070 4144 minime
1093 4080 1369 4147 accommodatum
1393 4088 1452 4164 est,

311 4191 408 4267 atquc
432 4185 529 4250 etiam
553 4186 666 4268 copula
690 4186 904 4256 desideratur.
947 4187 1200 4266 Quaesumus
1224 4190 1298 4271 sint,
1322 4189 1453 4258 dubium
1505 4209 1506 4279 q

309 4313 381 4360 esse
398 4313 460 4360 non
476 4299 595 4377 potest,
620 4295 695 4377 quin
711 4294 843 4364 uerbum
858 4316 990 4365 »causa«
1006 4297 1085 4364 nihil
1102 4299 1146 4366 sit
1162 4299 1224 4365 nisi
1240 4299 1320 4366 illud
1343 4305 1452 4384 »tam«,

307 4402 391 4486 quod
416 4408 514 4470 antea
536 4404 689 4472 omissum
705 4410 738 4472 et
753 4407 787 4472 in
802 4408 950 4492 margine
966 4408 1165 4490 adscriptum
1188 4411 1249 4476 huc
1272 4409 1450 4496 irrepserit,

308 4527 384 4576 nam
404 4517 443 4576 τᾶ
466 4539 507 4566 =
531 4515 631 4578 »tam«
661 4516 695 4577 et
727 4520 765 4580 cd
790 4541 830 4570 z
854 4533 986 4582 »causa«
1019 4512 1174 4582 facillime
1205 4514 1452 4602 confunduntur.
1504 4577 1505 4590 ,
