3062 5162
653 323 694 383 53

186 493 256 560 Hoc
280 500 431 560 constare
454 493 532 557 mihi
555 495 682 558 videtur
709 494 831 560 »omnis
854 500 966 576 parte«
993 494 1071 558 nihil
1093 513 1164 560 esse
1187 495 1249 560 uisi

88 603 200 668 »omni
223 621 262 669 ex
284 608 395 684 parte«
420 601 531 668 eodem
556 601 649 667 modo
674 608 871 685 corruptum,
902 622 965 686 quo
992 608 1087 672 litas
1111 602 1247 668 »cauda-

90 729 166 777 rum
193 715 305 792 parte«
334 709 367 774 iu
392 709 437 773 B¹
462 717 495 775 et
519 710 710 776 Areteorum
734 708 898 775 codicibus
934 729 971 774 ex
1007 711 1201 776 »caudarum
1230 731 1250 778 a

86 826 265 902 perteret
290 825 393 892 112u
419 840 563 888 »summa
586 823 736 907 regione«
761 823 792 886 in
813 821 961 912 AB3PV
980 841 1019 886 ex
1041 841 1183 886 »summa
1206 822 1246 888 ab

87 929 263 1014 regione«,
286 935 421 1012 propter
443 948 580 996 versum.
606 929 719 1012 Itaque
735 928 785 993 Bi
809 930 1035 996 correctiorem
1055 935 1246 998 Arateorum

88 1037 239 1104 codicem
262 1037 385 1117 habuit,
411 1057 505 1120 quam
529 1043 605 1104 suut
628 1040 729 1104 nostri
753 1039 1058 1123 Dtresdeasa'3183,
1091 1061 1172 1106 socc.
1199 1042 1247 1126 X)

90 1153 125 1212 et
153 1146 370 1230 H(arleicaus
400 1149 479 1229 647,
513 1166 593 1210 saec.
618 1144 699 1230 IX).
744 1145 857 1229 Neque
881 1153 989 1212 tamen
1013 1154 1101 1213 recte
1127 1149 1245 1214 Schoe-

76 1243 234 1322 ¹mannus
259 1257 316 1336 eis,
342 1275 423 1339 quae
449 1255 499 1320 B²
522 1256 657 1334 addidit,
684 1274 760 1322 usus
784 1257 930 1338 scripsit:
966 1257 1083 1324 »Cuius
1114 1266 1248 1340 propter

90 1366 225 1432 laevum
240 1385 343 1452 gemus
360 1367 447 1432 omni
471 1373 619 1448 exparte
643 1365 766 1431 locatas
781 1402 823 1412 -
839 1366 960 1431 Parvos
977 1366 1139 1448 Vergilias
1164 1386 1190 1432 e.
1216 1387 1245 1448 q.

91 1495 140 1541 s«
192 1477 230 1541 In
255 1476 389 1542 eundem
414 1494 555 1541 errorem
581 1475 734 1556 delapsus
758 1482 809 1540 est
842 1494 880 1540 ac
915 1482 1079 1541 corrector
1111 1476 1164 1540 ille
1189 1475 1247 1554 ΒΞ,

93 1588 149 1669 qui
176 1586 256 1651 uihil
281 1585 368 1651 aliud
384 1583 528 1668 petebat,
554 1585 615 1650 nisi
632 1592 668 1650 ut
684 1603 820 1667 versum,
846 1585 896 1650 cui
914 1585 1035 1667 primus
1050 1605 1107 1667 pes
1124 1585 1247 1664 deerat,

92 1696 263 1779 explerem
289 1694 329 1759 cl.
354 1694 452 1760 etiam
480 1700 586 1762 11424·
607 1731 640 1740 —

195 1809 298 1873 1123:
322 1805 454 1870 »leviter
477 1804 585 1886 posita
608 1809 642 1868 et
665 1822 805 1869 convexa
829 1803 988 1869 videtur«.

166 1909 243 1980 'Sic
276 1913 379 1980 edidit
409 1914 569 1991 Baiterus,
594 1911 643 1977 B²
676 1920 708 1979 et
733 1915 923 1979 Arateorum
948 1913 1076 1978 codices
1107 1919 1250 1993 secutus,

96 2025 158 2090 sed
185 2023 262 2106 quid
288 2024 333 2090 sit
357 2024 494 2088 »leuiter
525 2024 664 2104 posita«,
696 2041 788 2088 nemo
820 2022 924 2087 adhuc
955 2022 1138 2104 explicavit,
1170 2025 1249 2088 nihil

96 2140 159 2199 est.
211 2131 260 2197 B8
282 2134 384 2218 igitur
402 2133 434 2197 in
458 2132 569 2199 codice
594 2151 651 2198 suo
677 2135 870 2198 Arateorum
893 2133 955 2196 iam
987 2132 1132 2215 eandem,
1168 2152 1249 2216 quae

97 2243 131 2307 in
158 2243 282 2308 nostris
306 2248 366 2325 est,
390 2242 606 2324 corruptelam
629 2242 760 2306 invenit.
795 2241 858 2306 Sed
882 2240 999 2306 leniter
1022 2245 1146 2307 tautum
1162 2243 1251 2308 locus

101 2356 279 2431 corruptus
304 2356 475 2432 astatque
498 2351 671 2416 restitutus
702 2356 735 2415 et
767 2369 786 2414 a
811 2349 1042 2432 Schoemarmo,
1074 2352 1127 2432 qui
1159 2355 1254 2416 antea

97 2461 166 2526 alia
193 2461 386 2538 coniecerat,
411 2460 443 2524 in
467 2459 608 2524 editione
632 2458 676 2524 lV
700 2464 733 2523 et
756 2477 775 2524 a
798 2457 999 2525 Baehrensio
1022 2460 1053 2523 iu
1077 2459 1168 2526 Poet.
1194 2460 1250 2524 lat.

96 2573 175 2635 min.
210 2568 390 2635 AB¹OPV
408 2570 492 2634 enim
511 2566 637 2634 habent
658 2547 782 2650 »posita
805 2568 936 2633 leviter«
960 2573 1056 2650 atque
1080 2571 1111 2633 in
1127 2568 1160 2633 A
1184 2575 1251 2634 set«

99 2679 190 2761 quod
214 2680 320 2761 prima
335 2697 450 2744 manus
466 2683 541 2760 post
557 2679 708 2743 »leviter«
724 2678 911 2760 scripserat,
937 2676 978 2743 ab
994 2679 1098 2743 altera
1122 2696 1249 2744 erasum

102 2795 165 2866 est,
193 2787 310 2870 quippe
335 2806 406 2853 cum
428 2787 485 2853 illo
507 2788 577 2852 loco
602 2805 714 2852 versus
730 2785 863 2852 verbum
879 2806 941 2850 noa
958 2786 1068 2851 ferret.
1105 2789 1252 2870 Apparet

103 2905 179 2964 »et«
206 2903 281 2980 post
307 2897 454 2980 »posita«
481 2895 639 2961 excidisse
663 2901 760 2977 atque
785 2892 989 2960 scribendum
1012 2912 1101 2960 esse:
1126 2895 1249 2978 »posita

103 3014 138 3072 et
162 3006 281 3072 leviter
305 3025 475 3072 convexa«
525 3004 676 3071 Ceterum
702 3003 751 3068 Β2
773 3005 911 3085 primurn
935 3002 1046 3069 eodem
1072 3002 1251 3086 modoque

101 3113 151 3179 Α2
176 3115 285 3180 deleto
309 3120 376 3181 aet«
398 3115 506 3179 versui
530 3113 714 3179 corriectura
731 3113 854 3178 mederi
878 3117 1012 3178 conatus
1029 3130 1110 3192 esse,
1135 3112 1251 3178 deiude

104 3225 231 3290 Aratea
253 3223 440 3290 adhibuisse
464 3223 600 3290 videtur.
617 3261 659 3270 -

192 3335 316 3402 11311:
346 3332 426 3398 »Hic
452 3339 560 3398 autem
586 3334 744 3414 aspicitur

372 3462 444 3508 sese
469 3442 642 3508 ostendens
666 3444 805 3526 emergit
822 3442 972 3524 Scorpios
998 3444 1094 3507 alte«

194 3552 283 3618 Haec
308 3554 431 3620 tradita
454 3559 529 3620 sunt
551 3555 583 3618 iu
607 3552 787 3619 AB‘OPV.
832 3553 923 3631 Quod
948 3549 998 3617 13²
1021 3557 1145 3618 »autem
1171 3553 1254 3634 aspi·

104 3666 209 3729 citur«
235 3662 365 3745 delevit,
389 3667 505 3743 aperta
528 3662 712 3728 coniectura
728 3662 800 3742 fuit,
825 3681 887 3744 qua
903 3679 1015 3728 versus
1031 3658 1253 3726 coniunctione

104 3775 177 3835 »ut«
213 3770 332 3836 omissa
365 3769 497 3834 mutilus
530 3767 778 3848 restitueretur;
813 3768 953 3849 itemque
988 3768 1020 3832 in
1043 3767 1076 3832 A
1110 3769 1253 3834 minutae

104 3875 244 3942 lineolae
268 3874 484 3956 superductae
508 3881 591 3957 sunt,
614 3875 774 3939 incertum
805 3892 845 3939 an
878 3873 1008 3939 delendi
1041 3893 1148 3941 causa.
1194 3874 1252 3940 Ex.

109 3987 203 4052 Arat.
227 3985 347 4050 Phaen.
370 3983 578 4066 comparandi
600 3989 676 4050 sunt
698 3985 897 4068 uersus'g303
922 4003 980 4049 ss:

194 4103 281 4178 σῆμα
305 4091 345 4157 ἀέ
365 4117 415 4158 τοι
439 4096 551 4177 κείνης
575 4095 662 4178 ὥρης
686 4089 739 4156 καλ
764 4093 870 4176 μηνὸς
893 4091 1024 4157 ἐκείνου

195 4204 374 4287 stropulos
389 4198 557 4265 ἀντέλλων
580 4205 631 4284 εἴη
654 4199 805 4285 πνμάτης
829 4198 882 4265 ἐπὶ
906 4202 1036 4276 νυκτός.

195 4314 268 4397 ἦτοι
292 4312 356 4395 γάρ
379 4307 463 4394 μέγα
491 4309 596 4389 Τόξον
629 4306 800 4374 ἀνέλκεται
825 4307 944 4394 ἐγγύθι
967 4308 1110 4396 κέντρου

201 4419 379 4504 rossevall·
405 4417 521 4502 ὀλίγον
549 4415 585 4482 δὲ
608 4420 806 4503 ναροίτερος
829 4418 957 4484 ἵσταται
981 4419 1085 4485 αὐτοῦ

203 4533 372 4615 Σκορπίος
395 4526 571 4612 ἀντέλλων,
594 4528 611 4594 ὃ
635 4529 662 4593 δ’
690 4526 860 4614 ἀνέρχεται
883 4529 999 4595 αὐτίκα
1022 4533 1160 4615 μᾶλλον.
