3062 5162
630 339 671 399 27

169 511 257 576 Tuae.
281 510 310 576 V
334 515 391 575 70:
422 509 529 576 »Haec
560 510 717 576 tractanti
746 509 851 575 animo
883 513 916 575 et
945 512 1058 576 noctes
1088 513 1121 574 et
1151 508 1221 573 dies
1300 573 1304 583 ,

81 620 231 702 cogitanti
264 620 391 686 exsistit
413 620 512 686 illac
542 620 602 686 deo
626 618 760 701 Delphis
789 624 965 701 praecepta
995 619 1156 702 cognitio,
1186 623 1223 684 ut

78 725 147 806 ipsa
171 744 205 792 se
228 745 319 791 mens
345 730 503 810 agnoscat
525 727 790 807 coniunctamque
819 744 890 791 cum
920 725 1027 790 divina
1056 731 1222 790 mentesa

79 833 206 912 sentiat,
232 853 270 899 ex
293 827 357 916 quo
379 833 554 900 insatiabili
579 834 695 916 gaudio
720 835 898 916 completur
923 853 950 898 e.
968 853 997 915 q.
1014 851 1065 899 s«.

162 973 329 1038 Postremo
353 991 392 1037 ne
415 973 579 1054 putaveris
595 991 706 1038 vocem
729 970 937 1057 »agnitionis«
959 971 1125 1037 monachis
1148 971 1222 1050 illis,

77 1083 130 1163 qui
154 1082 281 1148 codices
304 1087 432 1147 nostros
456 1082 716 1164 descripserunt,
750 1082 937 1147 inusitatius
968 1080 1076 1146 luisse.
1123 1081 1222 1146 lmmo

77 1192 109 1254 in
131 1209 279 1257 sermone
302 1191 491 1273 saepissime
516 1210 553 1257 eo
577 1189 761 1270 utebantur,
786 1192 902 1273 quippe
926 1209 1059 1273 quorum
1081 1191 1222 1272 permuta
1310 1249 1313 1255 .

78 1305 144 1364 tum
167 1299 357 1382 interesset,
388 1305 425 1366 ut
446 1300 547 1365 totius
570 1300 656 1366 illins
679 1301 817 1382 aetatis,
841 1300 936 1366 deum
959 1319 1050 1366 suum
1074 1300 1222 1365 christia-

77 1429 150 1475 num
176 1410 325 1491 agnosci,
359 1409 410 1475 vel
434 1410 535 1491 magis
557 1409 720 1475 interdum
743 1428 838 1492 qoam
863 1410 1021 1492 cognosci.
1068 1410 1221 1475 Fortasse

78 1520 175 1586 etiarn
198 1520 359 1602 1115322,
382 1518 437 1586 ubi
461 1519 634 1586 traduntur
657 1519 771 1586 verba:
795 1519 903 1598 »Quae
927 1524 1081 1585 contuens
1098 1519 1222 1585 animus

78 1629 195 1710 accipit
219 1629 260 1695 ad
284 1628 496 1712 cognitionem
521 1628 689 1710 deorum«,
718 1630 751 1695 in
776 1626 1070 1712 archetypoverbo
1095 1629 1221 1713 »cogni-

771 1736 799 1778 ad

76 1792 215 1867 tionem«
247 1791 329 1857 »ad«
358 1793 613 1874 superscriptum
639 1791 721 1873 luit,
755 1791 1024 1876 »cognitionem«,
1056 1797 1093 1857 ut
1118 1790 1223 1857 conie·
1326 1875 1327 1880 ἵ

79 1901 188 1984 cturis,
213 1919 292 1982 quas
310 1906 551 1983 temptaverunt
572 1900 631 1965 viri
654 1900 751 1981 docti,
776 1917 855 1982 opus
878 1917 940 1964 non
964 1900 1017 1979 sit,
1041 1899 1098 1964 sed
1121 1899 1222 1964 elimi-

74 2009 216 2076 nandum
237 2014 363 2075 tanturn
385 2009 466 2074 illud
489 2008 580 2088 »ad«;
605 2007 644 2074 cl.
660 2009 692 2074 Il
710 2009 807 2076 1403:
831 2007 982 2074 »deorum
1007 2008 1219 2100 cognitionem

75 2137 227 2201 capere«-
1218 2183 1220 2194 ,

163 2225 286 2306 Quibus
309 2225 406 2292 rebus
430 2227 584 2310 expositis
608 2245 800 2310 quamquam
832 2225 962 2293 dubium
985 2245 1046 2292 non
1071 2245 1142 2292 esse
1166 2245 1222 2307 p0-.
1294 2247 1299 2257 ¹

76 2342 150 2416 test,
175 2335 251 2419 quin
265 2335 376 2402 Cicero
401 2335 460 2402 »ad
479 2335 709 2418 cognitionem«
733 2335 910 2416 scripserit,
934 2342 1042 2401 tamen
1061 2334 1101 2402 ab
1118 2336 1221 2400 altera

75 2454 169 2528 parte
193 2447 425 2531 »agnitionem«
449 2447 576 2512 omnino
599 2465 661 2512 non
686 2446 847 2528 quadrare
865 2445 1080 2512 demonstrari
1102 2450 1221 2528 potest.

76 2557 157 2622 Nam
193 2555 275 2638 quod
309 2555 388 2621 dicit
412 2555 557 2620 Schcem.
589 2556 802 2638 »agnitionem
833 2555 946 2620 animi«
976 2555 1136 2620 neminem
1159 2574 1221 2621 non

75 2685 145 2730 eam
178 2683 249 2730 esse
279 2665 488 2748 intellegere,
522 2683 586 2745 qua
614 2665 739 2728 animus
771 2670 981 2745 agnoscatur,
1014 2665 1129 2728 falsum
1161 2670 1221 2730 est.

74 2774 176 2838 Immo
201 2774 229 2838 si
252 2773 292 2838 de
315 2773 494 2854 »agnitione
519 2773 633 2836 animi«
658 2772 791 2852 dicitur,
823 2791 951 2855 semper
974 2773 1158 2838 Socraticae
1182 2773 1221 2836 il-

73 2883 136 2949 lius
161 2882 330 2948 doctrinae
353 2881 577 2965 admonemur,
601 2900 664 2963 qua
687 2881 829 2962 animus,
853 2881 938 2963 quod
962 2880 1068 2964 discit,
1091 2883 1220 2947 remini-

73 2992 194 3060 scendo
225 3010 403 3076 agnoscere
433 2991 591 3070 traditur,
626 2991 665 3056 cf.
694 2992 785 3056 Tasc.
809 2992 825 3056 I
849 2996 888 3056 57
914 3011 941 3056 e.
959 3010 986 3073 q.
1005 3010 1029 3057 s.
1084 2992 1147 3058 Sed
1181 2993 1220 3058 de

74 3102 136 3169 hac
161 3121 197 3168 re
220 3102 290 3184 hoc,
312 3101 353 3167 de
378 3120 439 3183 quo
462 3119 520 3167 nos
544 3101 687 3184 agimus,
711 3102 781 3166 loco
806 3101 993 3167 Ciceronem
1016 3120 1078 3167 non
1103 3102 1220 3186 dicere,

74 3232 168 3279 nemo
192 3231 254 3278 non
277 3212 446 3294 intellegit.
492 3211 612 3278 Contra
635 3229 697 3292 qua
720 3210 846 3276 ratione
870 3210 1016 3292 quaestio
1041 3210 1080 3276 de
1104 3217 1220 3276 natura

74 3325 207 3390 deornm
230 3319 344 3387 habita
368 3321 410 3386 ad
434 3321 645 3402 cognitiopem
678 3319 776 3384 animi
806 3319 873 3386 sive
897 3319 939 3384 ad
963 3319 1220 3404 cognoscendum

72 3433 215 3498 animum
238 3470 279 3478 —
304 3430 388 3512 quod
411 3430 490 3494 item
511 3429 622 3496 Cicero
640 3428 746 3494 dicere
770 3428 876 3514 potuit
897 3466 940 3474 —
962 3429 1126 3509 pertineat
1149 3448 1221 3495 cur.

71 3561 133 3624 que
158 3540 201 3606 ad
225 3559 297 3605 eam
319 3539 536 3621 pulcherrima
559 3539 619 3622 sit,
643 3543 774 3619 praeter
797 3537 878 3603 alios
902 3538 989 3602 locos
1014 3537 1103 3603 Tusa
1127 3539 1155 3604 V
1179 3545 1220 3606 70

71 3671 97 3717 e.
115 3670 146 3734 q.
163 3669 189 3716 s.
214 3648 338 3715 docent.

161 3780 225 3846 Sed
240 3785 277 3846 ut
292 3779 335 3846 ad
351 3778 478 3846 codices
493 3783 622 3845 nostros
637 3779 851 3844 recensendos
871 3779 1051 3862 redeamus,
1076 3779 1219 3846 Schoem.

70 3897 103 3957 et
128 3907 249 3970 omnes,
274 3890 328 3970 qul
351 3888 381 3954 ci
404 3889 532 3954 assensi
554 3893 639 3971 sunt,
663 3888 710 3966 si,
743 3887 819 3980 quid
843 3907 878 3952 re
901 3908 978 3955 vera
1000 3889 1032 3954 in
1056 3889 1220 3955 codicibus

69 4005 167 4078 esset,
190 3999 364 4081 novissent,
389 3998 474 4063 haud
498 3997 565 4064 scio
589 4017 630 4064 an
653 3997 712 4062 »ad
736 3998 951 4082 agnitionem«
982 4008 1101 4080 ponere
1125 3998 1216 4066 dubi-

68 4109 173 4174 taturi
196 4107 326 4174 fuerint.
375 4106 460 4172 Nam
491 4107 550 4172 »ad
582 4107 793 4189 agnitionem«
824 4112 948 4173 tantum
971 4106 1103 4174 Aloacss
1125 4129 1219 4191 prae·¹

68 4214 164 4294 bant,
199 4235 270 4282 curn
292 4214 340 4278 Α1
363 4221 397 4280 et
419 4215 465 4279 M
469 4215 477 4251 ¹
501 4216 598 4297 (idem
622 4216 654 4280 in
682 4214 830 4282 Vfuisse
853 4217 1025 4282 verisimile
1049 4218 1113 4302 est)
1136 4219 1216 4283 nihil

69 4327 133 4392 nisi
157 4324 387 4408 »agnitionem«
410 4322 561 4391 habeant.
598 4323 794 4406 Scripturem
811 4324 930 4391 codicis
948 4325 982 4390 B
1004 4327 1036 4391 in
1061 4347 1097 4392 eo
1122 4327 1221 4409 quem

68 4432 280 4502 describebat
297 4433 379 4500 libro
395 4434 500 4516 ipsum
518 4453 642 4518 quoque
658 4435 738 4499 nihil
761 4434 823 4500 nisi
845 4434 1073 4516 »agnitionem«
1097 4437 1219 4521 legisse

73 4551 107 4612 et
130 4543 218 4612 felici
249 4544 435 4612 coniectura
456 4547 581 4610 rectum
612 4544 816 4630 restituisse,
851 4544 1047 4612 credendum
1069 4564 1132 4612 ncn
1156 4553 1217 4632 cst,
