3062 5162
632 341 672 403 29

83 513 257 598 archetypo
283 512 427 579 codicum
451 515 634 580 nostrorum
663 509 749 578 male
772 515 936 578 servatum
959 509 1030 578 tuit.
1075 509 1159 577 Nam
1181 508 1227 576 vi·

82 621 170 706 deas,
194 639 277 704 quae
297 625 476 704 sequantur
498 621 531 686 in
554 618 736 686 codicibus:

169 730 232 798 AO
251 730 378 796 hahent:
404 731 470 796 »De
493 748 556 812 qua
577 735 646 796 tam
670 729 779 795 variae
803 729 868 795 sint
891 727 981 814 (sunt
1000 724 1053 813 0¹)
1077 725 1228 793 doctissi-

81 854 205 902 morum
229 835 391 901 hominum
423 841 554 917 tamque
586 833 809 916 discrepantes
838 833 1019 900 sententiae
1039 851 1155 920 magno
1179 851 1229 900 ar·

79 949 231 1026 gumento
255 980 296 991 —
319 941 439 1026 reliquo
469 943 582 1009 dunat
603 961 700 1025 usqua
723 940 766 1006 nd
787 940 804 1025 q
828 947 867 1009 21
891 959 965 1007 nam
988 947 1021 1008 et
1054 940 1094 1007 de
1116 939 1228 1024 figuris

82 1051 216 1119 deorum
240 1071 268 1118 e.
285 1057 314 1134 q'.
332 1069 375 1118 s«

168 1157 283 1223 BFM
299 1157 431 1223 dotant:
454 1157 520 1223 »De
544 1174 606 1239 qua
629 1157 737 1221 variae
762 1156 828 1220 sint
849 1155 922 1239 (13¹,
945 1161 1012 1222 tam
1029 1156 1136 1222 variae
1151 1161 1227 1222 sunt
1295 1179 1296 1184 ¹

81 1263 223 1350 132FM)
248 1266 506 1334 doctissimorum
543 1265 706 1331 hominurn
735 1271 866 1347 tamquo
899 1265 1123 1348 discrepantes
1153 1285 1226 1332 sen·

81 1375 205 1441 tentiae
237 1394 353 1458 magno
384 1382 576 1460 argumento
606 1393 642 1442 se
677 1373 795 1440 debeat
818 1373 889 1460 (15¹,
912 1381 949 1441 ut
979 1394 1095 1459 magno
1128 1395 1224 1462 argu·

79 1492 190 1550 mento
213 1501 285 1550 esse
309 1483 428 1550 debeat
451 1483 592 1568 B²FMt
616 1502 714 1550 causa
743 1485 936 1566 principium
964 1483 1152 1568 filosophine
1185 1486 1226 1551 ad

78 1591 102 1657 h
131 1593 300 1658 scientium
331 1591 410 1678 (B¹,
442 1612 541 1659 causa
571 1599 605 1658 et
635 1594 824 1676 principium
855 1591 1043 1677 filosophiae
1074 1595 1115 1661 ad
1145 1596 1228 1662 hanc

79 1701 249 1768 scientiam
272 1701 331 1782 B2,
354 1703 408 1768 sed
430 1723 544 1768 ananus
566 1725 586 1766 u
609 1709 752 1768 consueto
775 1711 942 1770 correctore
964 1706 1107 1790 diuersa,
1132 1725 1229 1773 causa

78 1810 272 1894 principium
294 1810 482 1894 filosophise
505 1813 672 1878 scientiam
688 1813 729 1896 F,
753 1832 884 1880 oausam
906 1814 939 1879 id
963 1818 1015 1880 est
1037 1815 1228 1898 principium

78 1920 303 2003 philosophiae
326 1941 398 1989 esse
421 1922 589 1990 scientiam
604 1923 661 2010 M)
686 1924 924 2006 prudenterque
943 1925 1131 2005 achademi.
1154 1924 1227 2012 (B2,

80 2029 272 2096 achademia
294 2030 356 2116 132,
381 2032 580 2100 achademici
604 2033 653 2117 F,
688 2034 912 2101 achademicos
936 2033 993 2120 M)
1017 2054 1037 2100 a
1059 2034 1156 2102 rebus
1179 2037 1227 2100 in-

81 2136 181 2204 certis
204 2137 429 2206 adsensionem
453 2138 621 2207 conbuisse
645 2138 719 2224 (B1,
742 2141 946 2208 conhibuisse
966 2140 1024 2226 ΒΞ,
1046 2140 1228 2209 cohibuisse

80 2244 118 2310 F
176 2270 202 2311 ,e

115 2243 312 2422 murnum
334 2357 436 2443 igitur
458 2359 561 2426 maior
583 2359 701 2426 lacuna
724 2364 775 2426 est
798 2361 829 2425 in
845 2359 915 2440 Ao,
939 2379 1008 2426 curn
1033 2361 1071 2438 is,
1094 2361 1148 2443 qui
1171 2362 1228 2428 ho·

80 2483 152 2532 rum
177 2465 322 2533 codicum
345 2469 553 2553 archetypum
578 2470 628 2556 (a)
652 2470 799 2552 scripsit,
823 2471 925 2536 multa
947 2489 1008 2536 non
1032 2471 1097 2536 iarn
1119 2471 1227 2552 legere

79 2576 225 2659 potuerit
248 2583 281 2643 et
303 2578 454 2646 maluerit
476 2581 554 2646 nihil
577 2578 720 2646 scribere
752 2599 847 2662 quam
870 2579 1052 2662 fragmenta
1075 2585 1108 2646 et
1131 2579 1225 2646 falsa.

82 2686 132 2751 De
156 2689 249 2771 signo
273 2706 321 2770 ea,
345 2706 427 2770 quae
450 2689 569 2755 omissa
584 2695 671 2770 sunt,
695 2690 727 2754 in
744 2692 897 2771 margine,
922 2689 976 2756 ubi
999 2690 1065 2756 iam
1087 2709 1224 2756 evanue-

80 2794 159 2878 rint,
181 2793 294 2860 addita
316 2795 416 2862 fuisse
439 2795 651 2880 significante,
675 2798 760 2879 quod
784 2797 934 2863 Baiterus
957 2797 989 2861 in
1012 2797 1045 2862 A
1063 2805 1137 2880 post
1159 2819 1228 2865 »ar-

83 2909 255 2989 gumentor
278 2904 444 2986 adpictum
476 2924 548 2972 esse
581 2906 674 2986 dicit,
706 2906 912 2972 Schwenkius
943 2907 1021 2971 nihil
1045 2907 1164 2988 refert,
1196 2913 1229 2975 et

84 3029 157 3076 cum
184 3011 281 3076 etiam
304 3012 337 3075 in
365 3011 468 3077 Gilia
491 3011 589 3078 verba
612 3013 812 3094 omittantur,
844 3033 882 3080 ne
906 3015 937 3079 in
960 3037 981 3078 a
1006 3015 1133 3097 quidem
1157 3017 1226 3083 iue-

82 3125 179 3200 runt;
213 3118 262 3186 sin
286 3125 392 3186 autem
416 3119 449 3185 in
471 3119 531 3186 hoc
561 3138 624 3185 non
647 3119 793 3203 fuerunt,
824 3117 865 3185 ab
889 3121 1021 3202 antiquo
1045 3130 1227 3190 correctore

82 3225 133 3294 A*
155 3234 271 3309 postea
294 3227 406 3294 addita
430 3246 502 3294 esse
525 3246 588 3293 non
611 3232 764 3309 possunt,
796 3245 867 3292 curn
890 3227 942 3292 hic
975 3229 1064 3295 nullo
1087 3231 1151 3295 atio
1174 3249 1227 3296 co·

84 3339 156 3405 dice
187 3339 250 3405 nisi
280 3337 336 3403 illo
359 3361 379 3401 α
402 3338 435 3403 in
458 3335 650 3422 corrigendo
673 3353 750 3402 usus
774 3335 818 3401 sit
840 3333 893 3415 (ef.
918 3334 1031 3421 inira);
1065 3337 1175 3421 itaque
1199 3339 1227 3405 si

81 3449 209 3515 omnino
231 3449 265 3514 in
289 3448 322 3513 A
348 3448 404 3514 illa
426 3446 527 3514 verba
557 3447 669 3513 addita
691 3445 840 3528 fuerunt,
876 3448 1058 3514 recentiore
1081 3454 1226 3532 tempore

81 3560 143 3625 hoc
166 3557 289 3625 iactum
313 3563 393 3624 erat.

172 3669 292 3735 Contra
321 3669 353 3733 in
386 3667 420 3732 B
451 3667 656 3733 continuatur
688 3666 810 3746 oratio,
840 3684 1031 3748 quamquam
1056 3686 1110 3747 ea,
1143 3688 1225 3751 quae

80 3779 224 3862 proxime
249 3784 435 3860 sequuntur,
459 3777 588 3861 integra
611 3795 673 3841 non
696 3782 779 3842 sunt.
814 3776 892 3842 Inde
911 3775 1049 3842 efficitur
1073 3784 1116 3861 et,
1140 3779 1225 3860 quod

79 3889 146 3955 iam
169 3906 267 3969 supra
290 3887 444 3968 vidimus,
475 3886 618 3951 codicem
642 3884 676 3950 B
699 3886 748 3950 vel
771 3886 878 3966 potius
901 3893 1068 3966 parentem
1092 3888 1171 3970 eius,
1193 3891 1225 3972 β,

80 3998 171 4081 prius
194 3983 290 4080 quam
312 4021 333 4061 α
356 4017 395 4062 ex
417 3997 593 4080 archetypo
616 3995 811 4076 descriptum
837 4014 925 4078 esse,
960 4002 994 4060 et
1017 3997 1227 4080 archetypum

79 4115 159 4190 tum,
183 4126 255 4174 cum
277 4110 299 4191 β
322 4127 360 4173 eo
384 4112 532 4173 uteretur
554 4105 764 4191 integriorem
788 4112 885 4187 atque
908 4106 1012 4188 magis
1034 4105 1225 4175 incolumem

78 4217 190 4285 fuisse.
237 4217 301 4284 Sed
325 4216 423 4282 etiam
445 4215 477 4281 iu
501 4215 536 4280 B
558 4216 667 4301 gravis
699 4215 882 4297 corruptela
903 4215 1047 4299 proxime
1071 4217 1228 4303 sequitur,

78 4329 120 4395 de
144 4345 208 4411 qua
230 4326 425 4409 permultum
447 4323 508 4392 viri
531 4326 619 4391 docti
641 4324 898 4408 disputaverunt.
934 4326 1040 4408 Atque
1064 4323 1229 4392 confertur

76 4438 146 4504 iere
169 4437 259 4504 locus
291 4435 420 4519 quidam
445 4435 651 4521 Aristotelis,
685 4435 829 4520 Metaph.
853 4436 878 4515 Ι,
902 4439 931 4500 2.
977 4435 1040 4502 Sed
1072 4435 1228 4521 quamvis,

76 4550 268 4633 quicumque
291 4546 457 4616 Ciceronis
479 4545 580 4616 libros
604 4546 645 4613 dc
676 4546 879 4632 philosophia
902 4548 1041 4630 scriptos
1065 4553 1154 4616 recte
1176 4547 1225 4614 in·
