3062 5162
865 347 906 411 14

315 515 435 582 notavi.
482 515 612 599 Seiungi
635 537 697 584 non
721 523 830 601 potest
844 519 926 585 baec
950 521 1097 602 quaestio
1120 519 1160 586 ab
1185 521 1290 587 altera
1313 521 1354 587 de
1377 523 1457 602 aspi-

314 625 440 730 ratione
475 626 506 690 in
540 626 633 692 initio
668 625 839 693 verborum
875 628 1042 710 adbibita,
1081 630 1122 695 de
1153 649 1215 712 qua
1248 651 1351 712 pauca
1384 631 1459 696 dicit

316 733 522 801 Schuenkius
545 753 575 818 p.
601 741 641 819 6,
675 736 746 818 ipse
770 737 955 818 diligentius
985 757 1046 804 non
1079 738 1232 820 quaesivi.
1278 739 1348 805 Hoc
1372 744 1456 805 certe

317 843 463 926 sequitur
486 845 519 909 in
541 843 592 912 his
615 843 712 911 rebus
735 844 881 912 omnibus
913 847 1056 914 codicum
1080 849 1308 914 auctoritatem
1331 865 1461 930 prorsus

315 952 434 1018 nuliam
459 971 540 1018 esse.

405 1169 473 1236 iarn
496 1169 683 1253 priusquam
706 1171 748 1238 ad
771 1171 916 1257 singulos
947 1171 1075 1239 codices
1098 1173 1311 1240 recensendos
1336 1178 1460 1239 transe-

318 1297 419 1362 amus,
444 1297 461 1345 e
483 1297 520 1346 re
544 1279 607 1346 erit
628 1280 797 1363 nonnullos
820 1280 907 1346 locos
931 1281 1100 1364 inspicere,
1124 1282 1179 1364 qui

434 1387 604 1456 universe
626 1407 717 1475 quae
740 1388 837 1458 netto
859 1389 1065 1459 intercedat
1086 1390 1185 1459 inter
1207 1390 1349 1459 codices

318 1515 375 1564 nos
399 1497 544 1564 doceant.

402 1607 418 1671 1
445 1612 547 1675 114⁶:
591 1606 677 1674 >Nec
697 1607 814 1691 (neca,
838 1608 1000 1673 cinnae.
1025 1608 1130 1692 a‚13;
1154 1608 1284 1690 neque?
1299 1610 1329 1691 1)
1353 1614 1463 1675 tamen

317 1715 428 1796 video,
461 1716 618 1798 quomodo
641 1735 703 1782 non
726 1724 876 1784 vereatur
898 1718 961 1783 iste
985 1717 1064 1783 deus
1090 1716 1202 1784 beatus
1230 1717 1360 1802 (beatus
1383 1739 1464 1784 corr.

317 1829 390 1890 lea
413 1823 508 1890 batus
531 1824 574 1909 A,
602 1844 663 1891 non
688 1831 853 1892 moveatur
876 1824 938 1891 iste
963 1825 1041 1891 deus
1065 1824 1180 1892 beatus
1205 1825 1239 1905 O,
1263 1846 1326 1893 non
1349 1846 1464 1892 verea-

318 1941 371 2000 tur
395 1933 455 2018 (oei
470 1935 621 2018 vereat?)
639 1936 717 2001 deus
742 1955 781 2000 ne
802 1936 944 2001 intereat
961 1935 1019 2016 13¹,
1043 1954 1105 2002 non
1123 1943 1275 2002 vereatur
1297 1937 1360 2002 iste
1385 1937 1467 2002 deus

319 2042 498 2111 beatusne
521 2046 662 2111 intereat
685 2043 831 2128 B²FM),
856 2065 928 2112 cum
952 2046 1063 2128 (quum
1079 2045 1161 2132 ΕΒ
1184 2047 1252 2112 sine
1276 2046 1341 2112 nlla
1364 2047 1468 2111 inter-

319 2154 472 2220 missione
503 2155 666 2237 (-misi0ne
686 2155 732 2238 A)
759 2157 906 2236 pulsetur
929 2155 1135 2239 agiteturque
1159 2161 1339 2221 atomorum
1362 2155 1471 2221 incur·

322 2264 411 2328 sione
434 2265 647 2347 sempiterna,
679 2282 813 2345 cumque
847 2282 885 2328 ex
916 2263 986 2345 ipso
1009 2264 1169 2348 imagines
1198 2282 1325 2346 semper
1349 2262 1474 2329 afluent

322 2370 394 2457 (13¹,
410 2371 543 2438 affluant
553 2372 630 2458 cet).
662 2374 783 2439 itanec
796 2370 911 2439 beatus
928 2379 979 2438 est
995 2378 1101 2438 vester
1114 2374 1192 2439 deus
1209 2391 1268 2439 nec
1285 2378 1472 2440 aeternus«

411 2483 523 2548 Cicero
538 2488 706 2565 postquam
726 2482 857 2564 Epicuri
874 2483 951 2549 deos
968 2483 1167 2548 immortales
1191 2500 1262 2548 esse
1287 2500 1349 2548 non
1372 2500 1473 2564 posse

327 2593 490 2674 exposuit,
522 2591 563 2657 ad
586 2591 820 2658 beatitudinem
852 2592 939 2673 (duri
961 2590 1050 2657 verbi
1073 2592 1142 2673 ipse
1166 2596 1278 2658 auctor
1301 2595 1352 2656 est
1377 2591 1397 2674 ξ
1418 2591 1474 2670 95)

321 2702 440 2768 transit
462 2701 574 2785 §110²
602 2700 716 2769 >Nullo
738 2702 840 2786 igitur
863 2702 957 2768 modo
980 2702 1193 2767 immortalem
1209 2701 1304 2766 deum
1328 2698 1474 2765 efficitis.

322 2809 498 2877 Videamus
530 2831 612 2877 nunc
646 2811 686 2876 de
718 2809 847 2878 beato«.
893 2811 986 2877 Beati
1017 2816 1126 2878 autem
1149 2809 1279 2892 Epicuri
1309 2809 1363 2874 dei
1399 2828 1474 2875 esse

323 2937 385 2984 non
407 2924 553 3001 possunt,
588 2919 673 3000 quod
697 2920 777 2984 nihil
802 2925 910 3003 agunt,
943 2937 1025 3004 nam,
1055 2917 1110 3001 qui
1132 2918 1211 2983 nibil
1234 2917 1313 3003 agit,
1348 2917 1475 2983 uirtute

323 3034 430 3110 caret,
464 3034 497 3094 et
527 3029 596 3094 sine
626 3029 745 3095 virtute
775 3026 891 3094 beatus
920 3047 1013 3095 nemo
1037 3028 1173 3110 cogitari
1195 3031 1313 3110 potest.
1362 3027 1476 3092 Etiam

323 3138 469 3220 corporis
485 3138 612 3204 illarum
629 3140 831 3221 uoluptatum
847 3145 995 3221 expertes
1016 3143 1100 3218 sunt,
1124 3144 1160 3204 ut
1183 3138 1215 3203 in
1238 3136 1288 3204 his
1312 3155 1477 3202 summum

327 3245 442 3313 bonum
473 3248 613 3329 positum
637 3266 708 3314 esse
732 3249 872 3330 Epicuro
908 3247 1131 3314 concedamus.
1154 3284 1195 3293 -
1220 3247 1262 3312 nt
1284 3245 1401 3311 dolore
1428 3265 1480 3312 va·

327 3362 410 3421 cent.
433 3391 477 3403 -
507 3356 577 3422 Hoc
609 3376 708 3424 unum
740 3355 870 3423 beatam
901 3358 999 3424 vitam
1032 3356 1160 3423 efficere
1189 3374 1252 3422 non
1285 3359 1413 3437 potest.
1441 3392 1481 3402 -

327 3460 370 3526 Et
386 3462 516 3527 assidue
532 3462 572 3527 de
589 3461 790 3529 beatitudine
813 3482 872 3530 sua
895 3464 1052 3548 cogitant.
1068 3499 1111 3510 —
1127 3462 1197 3527 Hoc
1220 3461 1395 3527 ridiculum
1423 3467 1484 3538 est,

328 3587 400 3634 nam
424 3571 694 3655 comprehendas,
726 3589 864 3655 quaeso,
896 3571 1001 3638 animo
1026 3578 1059 3638 et
1081 3588 1242 3654 proponas
1266 3575 1344 3636 ante
1368 3571 1484 3636 ocutos

326 3677 419 3743 deum
440 3677 519 3742 nibil
542 3678 628 3743 aliud
651 3679 683 3743 in
707 3679 791 3745 omui
815 3681 1011 3746 aeternitate
1034 3679 1097 3744 nisi
1120 3679 1219 3744 »Mihi
1241 3678 1381 3760 pulchre
1410 3683 1482 3746 est«

332 3791 366 3852 et
382 3787 470 3870 »Ego
486 3785 602 3854 beatus
619 3807 707 3854 sum<
734 3790 942 3874 cogitantem.
982 3790 1027 3854 Ac
1048 3807 1087 3854 ne
1111 3788 1166 3854 ilia
1191 3786 1312 3852 doloris
1330 3788 1485 3854 vacuitas

330 3895 458 3977 quidem
476 3894 676 3962 dubitatione
692 3901 798 3981 vacat,
822 3916 896 3963 nam
920 3915 1003 3976 eum,
1027 3897 1080 3979 qui
1103 3895 1250 3978 pulsetur
1271 3894 1487 3979 agiteturque

328 4005 526 4084 sempiterna
550 4011 729 4072 atomorum
750 4007 943 4086 incursione,
967 4011 1000 4071 et
1023 4025 1062 4072 ex
1085 4024 1146 4087 quo
1169 4003 1327 4086 imagines
1351 4011 1487 4086 semper

327 4109 464 4195 afluant,
499 4113 604 4178 vereri
628 4133 707 4196 opus
731 4119 798 4194 est,
832 4133 871 4179 ne
894 4115 1052 4192 intereat;
1087 4114 1141 4195 qui
1171 4118 1281 4179 autem
1303 4111 1339 4176 in
1363 4112 1489 4179 timore

327 4227 484 4298 versatur,
507 4221 618 4287 dolore
641 4240 702 4286 non
726 4227 830 4289 vacat.
876 4223 1000 4306 itaque,
1026 4227 1061 4287 nt
1085 4223 1149 4287 iam
1171 4225 1342 4288 aeternum
1362 4221 1487 4303 Epicu·

328 4347 456 4396 reorum
487 4330 582 4396 deum
611 4349 671 4397 non
702 4350 773 4398 esse
802 4349 900 4413 supra
933 4330 967 4415 (ξ
993 4332 1069 4414 110)
1093 4328 1411 4416 demonstravimus,
1447 4331 1504 4395 ita³

325 4455 366 4503 ne
389 4436 505 4505 beatus
529 4439 658 4520 quidem
681 4445 746 4505 est.

416 4547 485 4616 Hoc
518 4550 613 4617 modo
648 4550 719 4634 ipse
750 4569 823 4618 cum
847 4549 1067 4618 Schoemanno
1090 4555 1124 4616 et
1147 4549 1181 4616 Ο.
1207 4548 1243 4616 F.
1267 4547 1319 4616 W.
1341 4549 1490 4620 Miillero
