3062 5162
653 297 694 358 23

103 459 193 545 rum',
230 485 312 550 quae
345 471 377 534 et
409 467 449 532 ad
482 467 679 549 agnitionem
702 465 874 551 (21²th
907 465 1103 551 agnitionem
1134 485 1191 531 ont.
1216 465 1258 532 ad

103 574 219 658 A1M¹,
244 576 285 642 ad
304 576 521 660 cognitionem
537 575 622 659 BF)
645 576 862 658 pulcherrima
892 582 943 640 est
966 582 999 640 et
1022 574 1063 640 ad
1090 574 1258 641 moderan-

109 686 184 750 dam
207 686 398 772 religionem
422 687 619 753 necessaria.
664 687 713 751 De
738 703 801 767 qua
822 704 849 752 e.
864 704 893 767 q.
909 705 955 752 a«

198 795 247 862 De
288 796 489 862 coniunctivo
522 795 625 861 »sint«
662 793 823 860 dubitavit
854 795 1014 876 qnondam
1043 793 1258 872 Heindnrfius,

106 904 291 972 sedcausa
315 924 377 972 non
401 909 482 984 erat,
508 904 547 971 cf.
572 903 715 988 Madvig.
740 904 780 969 ad
804 905 842 968 da
862 905 919 986 fin.
943 904 1026 988 119,
1052 903 1259 970 Schoemnnn.

110 1033 162 1094 op.
187 1015 236 1080 Ill
260 1021 340 1094 335,
363 1015 398 1081 F.
417 1017 452 1080 Α.
471 1014 566 1080 Wolf.
590 1015 641 1080 Kl.
666 1013 756 1080 Schr.
780 1014 796 1078 1
817 1019 952 1095 pltlss,
986 1019 1020 1079 et
1043 1014 1256 1096 Merguetinm

108 1122 284 1203 inspiciam
316 1123 368 1188 hic
391 1142 511 1204 pancos
535 1121 668 1188 afferam
699 1123 786 1188 locos
810 1122 902 1202 huic,
927 1123 1052 1205 dequo
1076 1121 1193 1202 agitur,
1216 1121 1258 1186 si·

110 1230 269 1298 mitiores:
289 1253 350 1313 pro
369 1231 469 1298 Baldo
487 1237 544 1297 29:
571 1251 660 1297 »cnm
686 1251 725 1296 ex
748 1230 894 1296 omnibus
919 1229 1103 1306 civitatibus
1126 1230 1179 1295 via
1201 1231 1258 1296 sit

108 1340 142 1404 in
165 1345 326 1423 nostram,
362 1358 497 1422 cumque
520 1341 641 1405 nostris
664 1337 787 1404 civibus
808 1342 955 1420 pateat
978 1337 1020 1403 ad
1043 1341 1170 1403 ceteras
1195 1338 1258 1402 iter

107 1449 275 1532 civitaten,
305 1455 373 1515 tum
397 1468 487 1528 vero,
518 1453 554 1515 ut
577 1466 722 1531 quaeque
747 1445 910 1512 nobiscum
935 1447 1070 1512 maxime
1094 1445 1252 1512 societate

186 1564 237 1624 est
260 1560 439 1636 coniuncta,
462 1560 509 1624 ita
530 1559 608 1623 mihi
632 1559 768 1623 maxime
791 1555 1012 1622 communione
1028 1553 1257 1621 beneficiorum

113 1715 121 1728 .
146 1716 152 1731 .
179 1717 186 1732 .
211 1669 369 1734 contineri
392 1667 549 1733 videtur«

193 1776 238 1843 de·
255 1780 306 1860 off.
332 1778 380 1843 Ill
405 1783 441 1843 5:
478 1777 555 1843 »sed
580 1795 651 1843 cum
674 1781 745 1841 tota
778 1775 1040 1857 philosophia..
1065 1823 1072 1838 .
1095 1771 1255 1858 frugifera

106 1891 141 1951 et
162 1885 328 1952 fructuosa
351 1887 426 1965 sit,
458 1891 527 1952 tum
557 1885 663 1950 nullus
693 1884 832 1950 feracior
863 1885 896 1948 in
926 1902 965 1948 ea
996 1883 1085 1948 locus
1108 1887 1161 1948 est
1184 1928 1191 1944 .
1214 1929 1253 1946 ..

107 1993 268 2074 quamde
293 1993 439 2060 officiis«

196 2103 343 2185 Itemque
369 2104 419 2170 liis
443 2104 522 2170 locis
546 2102 643 2168 etiam
670 2099 793 2182 absque
816 2095 962 2167 codicum
982 2099 1179 2165 auctoritate
1201 2104 1258 2165 ant

108 2217 224 2278 contra
246 2212 504 2288 doctissimorum
528 2213 691 2277 hominum
723 2212 926 2276 coniecturas
959 2209 1178 2276 coniunctivus
1199 2227 1256 2289 po-

106 2321 234 2388 nendus
266 2329 334 2388 est:
368 2320 420 2387 De
441 2343 474 2386 n.
498 2321 528 2386 d.
550 2322 582 2386 ll
609 2324 682 2385 107:
725 2321 823 2385 »Eius
857 2337 927 2384 cum
959 2317 1060 2384 totius
1083 2318 1141 2384 sit
1163 2337 1256 2399 prae·

104 2430 197 2496 clara
220 2431 362 2512 species,
394 2435 462 2495 tum
494 2429 640 2511 inprimis
671 2429 880 2510 adspicienda
913 2432 964 2493 est
994 2425 1099 2512 figura
1128 2427 1254 2508 cupitis.

106 2538 230 2622 (Etiam
256 2544 362 2605 »tum«
389 2539 532 2604 Schoem.
558 2539 737 2603 rectissime
762 2536 912 2619 addidit).

196 2646 248 2712 Do
270 2648 326 2731 lep.
351 2669 418 2731 apr.
443 2648 474 2712 ll
499 2653 557 2715 81:
593 2647 672 2712 »hoc
704 2648 773 2728 agri
805 2645 959 2727 Campani
992 2644 1150 2729 vectigal,
1185 2663 1256 2710 cnm

106 2756 264 2840 eiusmodi
288 2758 352 2834 sit,
377 2763 413 2823 ut
437 2764 470 2823 et
485 2757 572 2846 dorni
588 2758 632 2822 sit
654 2761 687 2821 et
710 2753 856 2821 omnibus
879 2749 1051 2835 praesidiis
1068 2753 1257 2835 oppidorum

108 2871 256 2950 tegatur,
280 2871 349 2933 tum
373 2885 476 2948 neque
499 2866 594 2930 bellis
616 2864 768 2930 infestum
791 2882 851 2928 nec
872 2861 1031 2928 fructibus
1053 2862 1175 2928 varium
1199 2881 1257 2928 nec

107 2978 201 3044 caelo
224 2996 263 3043 ac
286 2979 356 3043 loco
380 2977 604 3043 calamitosum
628 2993 700 3040 esse
725 2975 840 3039 solet«

192 3105 254 3166 pro
278 3085 369 3150 Mar.
395 3090 452 3150 56:
486 3085 574 3164 Quae
600 3103 670 3150 cum
694 3085 783 3148 sint
805 3082 934 3163 gravia,
968 3087 1034 3146 tum
1067 3081 1145 3148 illud
1169 3099 1258 3147 acer-

112 3195 283 3260 bissimum
307 3201 358 3262 est
381 3215 407 3260 θ.
426 3214 453 3277 q.
473 3215 519 3261 s«

197 3304 260 3369 Sed
284 3304 364 3369 haec
387 3305 480 3385 quasi
502 3305 534 3368 in
559 3305 719 3382 transitu,
755 3321 811 3384 ea,
836 3299 1016 3382 dequibus
1041 3300 1147 3366 dicere
1172 3300 1256 3367 vole·

106 3413 193 3490 bam,
218 3418 294 3478 sunt
316 3411 434 3477 verba:
460 3431 562 3494 »quae
586 3419 620 3478 et
643 3411 898 3492 adagnitionem
921 3410 1017 3475 animi
1041 3410 1257 3491 pulcherrima

109 3527 162 3588 est
186 3526 219 3586 et
243 3521 284 3588 ad
300 3522 528 3588 moderandam
545 3522 735 3604 religionem
749 3519 960 3585 necessaria«.
997 3518 1079 3582 Nam
1102 3519 1150 3585 ita
1175 3538 1256 3584 nunc

106 3647 219 3696 omnes
243 3629 310 3696 iere
341 3632 453 3717 legunt
484 3637 516 3695 et
539 3631 779 3697 Schoemannus
813 3627 982 3710 legendum
1011 3645 1100 3705 esse,
1136 3646 1186 3709 op.
1209 3627 1257 3692 ΙΙΙ

106 3760 139 3820 p.
166 3743 245 3818 291,
281 3738 418 3820 probare
443 3741 553 3805 voluit.
609 3738 764 3804 Conferas
797 3736 895 3802 etiam
921 3735 1129 3800 Heidtmanni
1163 3735 1256 3800 »Bei-

106 3856 202 3929 noge
228 3869 285 3914 zur
308 3849 417 3914 Kritilr
447 3869 477 3916 u.
508 3849 760 3930 Interpretation
793 3847 851 3912 der
874 3845 995 3910 Schrilt
1029 3845 1058 3908 d.
1084 3845 1197 3910 Cicero
1219 3845 1257 3908 de

107 3963 174 4022 ant
199 3957 309 4038 deca«,
335 3977 407 4023 ann.
431 3977 536 4043 gymn.
562 3957 757 4024 Neustettin.
784 3961 876 4038 1858,
901 3973 1092 4036 quamquam
1117 3973 1166 4030 ea,
1190 3955 1258 4035 qui·

108 4066 169 4134 bus
194 4067 245 4132 hic
268 4073 372 4134 totam
395 4068 589 4134 sententiam
613 4067 841 4148 interpolatam
859 4083 930 4130 esse
946 4044 1102 4145 probasse
1127 4061 1188 4128 sibi
1212 4063 1256 4127 vi·

111 4196 168 4244 sus
192 4182 252 4260 est,
276 4178 355 4242 nihil
379 4178 497 4242 valent.

199 4287 314 4368 Agitur
336 4286 436 4368 igitur
467 4286 506 4352 de
536 4287 662 4352 ratione
693 4287 780 4351 inter
804 4280 1098 4365 »cognoscendum«
1123 4287 1157 4346 et
1182 4301 1257 4362 »ag-

116 4395 352 4478 noscendum«,
387 4397 650 4480 »cognitionem«
685 4400 718 4460 et
753 4394 995 4476 »agnitionem«
1029 4388 1259 4456 intercedente.

108 4505 289 4586 Utrumque
312 4501 464 4586 verbum,
501 4505 528 4570 si
552 4505 780 4587 etymologiam
804 4501 1010 4582 respicimus,
1033 4503 1136 4580 primo
1160 4498 1259 4584 signi·
