3062 5162
630 306 671 370 45

68 473 246 541 codices
269 475 471 558 corrupti
495 484 608 557 sunt,
625 471 1222 557 veramlectionempraebere

66 585 111 648 et
136 583 226 650 eine
250 583 377 651 dubio
400 586 539 668 pluris
562 604 685 669 quom
708 584 740 652 A
763 585 1007 653 laciendum
1030 602 1131 668 earo,
1155 589 1221 650 at·

67 709 149 774 que
172 698 291 776 puto,
315 696 404 761 etsi
438 695 486 762 B¹
511 698 639 779 paulo
662 696 890 764 interioria
914 693 1088 778 quomA
1111 700 1224 762 aeta·

67 801 132 866 tis
156 802 232 887 sit,
256 809 390 870 tomen
415 807 448 889 β,
472 805 576 884 unde
599 805 820 889 originem
844 805 977 889 duxit,
1000 805 1218 871 vetustio-

67 928 161 976 rem
184 912 401 996 priua'que
425 932 473 980 ex
495 915 739 999 archetypo
763 915 963 982 codicum
984 919 1223 980 nostrorum

64 1021 249 1088 omniunr
272 1022 515 1091 derivatum
539 1042 636 1092 esse
659 1042 784 1108 quem
813 1048 852 1105 o,
888 1044 938 1092 ox
968 1042 1052 1107 quo
1076 1021 1225 1090 AOPV

66 1128 327 1198 fluxorunt.

466 1325 520 1395 lle
543 1329 748 1397 correctore
770 1327 835 1394 B’.

161 1468 299 1536 Difficile
329 1477 382 1538 ost
414 1470 454 1537 de
491 1464 873 1540 corporacorpora
900 1469 1056 1538 iudicare.
1105 1469 1223 1548 Quam-

69 1595 208 1661 cumque
231 1575 476 1666 paragraphum
498 1582 659 1664 inspicior,
683 1600 811 1664 semper
833 1582 935 1649 multa
963 1579 1107 1646 invenies
1131 1599 1150 1645 a
1174 1576 1223 1643 Β8

67 1693 231 1767 correcto,
254 1706 338 1771 quae
361 1689 445 1756 falsa
472 1695 528 1757 aut
551 1698 646 1759 eraut
669 1696 725 1756 aut
748 1692 777 1755 ei
791 1687 984 1756 videbantur
1000 1707 1080 1756 esse.
1114 1689 1223 1771 Atque

68 1798 165 1860 tanta
189 1799 240 1862 est
264 1796 439 1864 multitudo
462 1797 615 1882 locorum,
639 1797 755 1880 quibus
771 1796 870 1863 verba
888 1817 907 1862 o
925 1796 971 1860 B'
989 1797 1111 1874 omissa
1132 1799 1223 1860 recte

71 1899 252 1980 addiderit,
267 1900 350 1968 falso
365 1902 479 1969 addita
495 1903 660 1984 deleverit,
685 1910 838 1986 corrupta
855 1903 1046 1982 restituerit,
1064 1899 1220 1966 mendosa

70 2009 308 2091 emendaverit,
331 2017 368 2078 ut
391 2012 518 2080 omnino
543 2012 686 2090 dubitari
710 2032 771 2079 non
794 2013 908 2096 possit,
942 2012 1016 2095 quin
1049 2013 1160 2090 codice
1188 2010 1222 2076 in

73 2115 267 2197 corrigendo
291 2135 371 2184 usus
394 2116 477 2203 sit¹).
502 2119 603 2198 Quem
619 2119 762 2186 codicem
786 2120 921 2186 alterius
944 2119 1058 2186 classis
1081 2143 1101 2184 α
1123 2117 1224 2184 luisse

71 2224 282 2292 manifestum
312 2233 373 2293 est.
425 2227 568 2294 Primum
605 2229 688 2296 enim
711 2228 760 2295 B²
783 2229 814 2295 ll
841 2235 914 2298 1520
950 2227 1097 2296 lacunam
1132 2228 1222 2300 illam

70 2329 302 2398 fasciculorum
326 2333 572 2415 perturbatione
596 2341 698 2402 ortam
722 2353 855 2418 prorsus
872 2333 984 2400 eodem
1007 2333 1102 2400 modo
1125 2340 1223 2416 utque

68 2438 203 2505 AGPV
221 2442 351 2522 explere
369 2448 514 2528 conatur,
539 2444 578 2510 cf.
591 2463 622 2528 p.
640 2449 677 2510 16
695 2462 756 2524 ss.;
781 2443 897 2510 deinde
920 2444 1040 2510 multas
1063 2448 1096 2509 et
1119 2442 1221 2514 falsas

71 2548 219 2614 codicum
242 2549 373 2617 AOPV
390 2552 547 2619 lectiones
570 2553 601 2618 in
625 2552 768 2620 codicem
787 2552 820 2618 B
835 2552 1014 2632 transfert;
1039 2560 1105 2624 turn
1122 2553 1223 2619 omni·

73 2654 134 2723 bus
160 2657 229 2724 iere
252 2657 342 2742 Iccio,
380 2658 494 2741 quibus
527 2662 625 2727 etiarn
648 2660 778 2727 AOPV
807 2661 937 2744 gravius
962 2661 1105 2743 corrupti
1139 2666 1225 2740 aunt,

73 2767 156 2832 nihil
179 2767 325 2834 medelae
340 2767 445 2846 ati'ert,
457 2769 515 2836 sed
530 2774 587 2837 aut
602 2775 740 2852 utroque
757 2771 849 2836 oculo
867 2769 1002 2849 conivet,
1028 2775 1085 2836 aut
1097 2769 1223 2835 coniec-

69 2880 165 2941 turas
188 2876 238 2942 val
262 2877 497 2944 audacissimos
520 2878 655 2962 profert.
701 2879 824 2946 Harum
855 2898 882 2944 e.
911 2898 970 2961 gn,
1003 2897 1075 2948 cum
1104 2879 1224 2946 multas

71 2984 269 3068 notaverim,
293 2986 345 3052 hic
366 3005 488 3070 paucas
511 3007 647 3070 ponam:

157 3107 173 3172 l
199 3112 294 3177 lter:
318 3114 355 3174 ut
376 3109 409 3174 in
432 3109 595 3194 ryneiebis
609 3110 652 3188 A,
675 3116 712 3178 ut
728 3111 760 3177 in
780 3110 1040 3192 sineiebio-B¹C,
1062 3118 1099 3180 ut
1115 3117 1224 3181 teren-

68 3215 135 3284 tius
160 3216 192 3281 in
217 3215 322 3283 ciebis
344 3217 394 3282 13²
407 3217 443 3302 ⁹).
540 3277 542 3282 .

162 3350 259 3488 501ι6ε
295 3346 405 3436 etiam]
445 3347 473 3415 0
503 3355 532 3416 et
565 3349 602 3416 irc
634 3370 700 3416 roc.
734 3348 782 3414 Α3
804 3349 863 3431 (Α1
899 3349 1001 3436 eboc),
1037 3355 1138 3418 ettam
1163 3351 1224 3436 Bl,

65 3458 138 3520 tum
163 3451 224 3518 Β.

160 3592 201 3654 03
211 3607 258 3658 cc:
283 3585 397 3671 Silum]
422 3583 456 3668 0,
481 3587 578 3654 aillim
601 3587 644 3668 A,
664 3587 731 3654 sive
757 3587 810 3695 B,
825 3607 861 3654 ve
884 3588 920 3655 c'u
935 3607 1002 3656 ros.
1025 3593 1055 3658 2.
1078 3627 1121 3638 —
1138 3589 1221 3670 Quid

71 3695 280 3766 scribendum
304 3696 360 3780 alt,
385 3695 490 3763 adhuc
512 3697 683 3764 nescimus.

152 4016 177 4082 1)
196 4013 238 4069 Ex
269 4013 361 4070 altero
388 4011 462 4068 libro
486 4011 551 4084 plur
570 4013 622 4068 300
650 4014 725 4071 locor
750 4015 824 4071 aB'
851 4015 988 4071 tractator
1016 4014 1123 4081 notavi,
1149 4014 1227 4071 inter

70 4123 142 4176 quos
160 4105 214 4160 250
232 4104 291 4160 iere
304 4105 386 4160 recte
405 4102 580 4168 emendator,
599 4119 633 4160 ex
653 4105 741 4162 lertio
760 4106 813 4162 250
832 4105 900 4174 iere,
918 4105 994 4162 iuter
1012 4121 1082 4174 quoa
1093 4103 1145 4160 200
1165 4105 1225 4162 iere

69 4200 146 4254 racto
165 4195 337 4252 emendator.

143 4312 172 4382 2)
192 4309 326 4367 Codicum
345 4308 411 4364 ΓΜ
432 4308 593 4378 lectionem,
620 4327 685 4366 cum
714 4311 760 4367 hic
789 4311 848 4368 iere
878 4309 950 4367 nihil
979 4309 1084 4379 valeat,
1112 4310 1224 4381 omitto,

73 4406 198 4476 itemque
217 4405 407 4462 correctorum
426 4402 466 4458 A·
486 4402 569 4474 (racc.
588 4404 669 4478 Xlll)
695 4407 725 4462 et
749 4403 785 4460 V‘
812 4403 894 4474 (auec.
913 4403 988 4477 XII),
1016 4404 1070 4460 niri
1100 4404 1222 4476 quadam

73 4501 107 4556 de
126 4517 211 4557 cauca
228 4515 291 4556 eam
310 4498 443 4566 cognomi
461 4497 590 4555 interest.
