3062 5162
859 341 898 402 18

306 509 494 576 cardinem
518 509 704 576 restitutum
728 527 800 576 esse
823 514 914 574 ratus
938 507 1065 588 omisit3
1088 508 1121 572 in
1145 507 1180 574 B
1203 508 1307 576 adbuc
1331 514 1446 576 exstat.

303 617 385 686 Nam
408 617 542 685 verbum
566 618 854 702 »transmutavit‹,
887 617 971 700 quod
994 617 1201 684 Schwenkius
1224 618 1266 683 ad
1292 620 1446 686 »mentita
1518 627 1519 662 l

303 729 365 794 sit«
391 728 579 794 adnotatum
604 747 675 794 esse
700 728 789 811 dicit,
812 747 927 794 revera
942 727 983 792 ad
1006 726 1283 809 perturbationem
1305 729 1448 795 referen-
1518 753 1519 806 l

301 839 376 906 dum
400 844 458 906 est.
505 838 647 904 Primum
678 839 761 904 enirn
784 839 817 902 in
842 836 876 901 B
898 838 1095 918 glossemata
1126 837 1255 922 singula
1277 836 1376 904 rerba
1398 838 1447 904 in·

298 948 515 1029 terpretantia
539 948 680 1028 exceptis
705 947 769 1028 cis,
800 964 882 1028 quae
906 945 969 1012 iam
993 945 1024 1012 in
1049 947 1225 1030 archetypo
1246 947 1333 1013 inter
1357 947 1447 1014 Cice·
1518 947 1519 952 ’

297 1057 384 1122 runis
416 1057 517 1137 ipsius
547 1055 646 1122 rerba
674 1057 888 1138 irrepserant,
920 1056 1067 1136 aprima
1095 1075 1191 1123 manu
1224 1056 1337 1124 addita
1370 1076 1446 1124 nus·
1518 1105 1519 1124 t

297 1183 391 1246 quarn
414 1164 637 1244 inveniuntur3
661 1165 776 1230 deinde
799 1165 883 1230 idern
908 1165 1034 1248 signum
1059 1167 1084 1248 Γ,
1108 1166 1191 1248 quod
1216 1172 1292 1233 ante
1317 1172 1443 1234 »trans-

295 1276 451 1340 mutavit«
476 1277 508 1340 in
532 1275 676 1358 margine
701 1280 769 1358 est,
802 1276 900 1342 etiam
929 1281 1004 1357 post
1035 1274 1248 1357 »gubernari«
1280 1277 1371 1356 fuit,¹
1390 1276 1446 1342 ubi

297 1385 401 1452 adbuc
425 1386 622 1468 agnoscitur,
646 1403 838 1467 quamquam
863 1403 989 1452 erasum
1014 1391 1065 1452 est
1087 1390 1123 1451 ut
1142 1386 1328 1464 asteriscus,
1353 1404 1447 1467 quem
1518 1397 1519 1492 l

296 1493 345 1558 B¹
368 1494 482 1560 eodem
513 1495 583 1561 loco
612 1499 783 1576 posuerat3
818 1500 930 1560 contra
962 1495 1004 1560 ad
1029 1499 1149 1560 »menti
1139 1494 1285 1561 tuaest«
1319 1497 1446 1578 signum
1518 1505 1519 1518 ¹

294 1603 438 1670 additum
461 1621 564 1685 neque
589 1610 639 1670 est
662 1622 764 1685 neque
787 1602 858 1670 fuit

383 1713 419 1779 In
444 1711 658 1780 codiceBt
625 1714 722 1781 ctiam
746 1715 837 1780 mult
814 1723 856 1781 trs
879 1715 952 1781 aliis
977 1715 1117 1782 translat
1118 1714 1243 1782 ionibus
1267 1715 1346 1782 ordo
1370 1733 1448 1797 per·
1518 1699 1519 1764 Ῑ

298 1821 449 1890 turbatus
472 1830 531 1890 est.
578 1823 667 1902 Quae
690 1825 764 1906 quin
788 1825 879 1906 ipsae
903 1844 1028 1907 quoque
1053 1844 1164 1892 omnes
1187 1825 1251 1892 ianr
1274 1825 1307 1890 in
1331 1825 1447 1891 arche·
1518 1855 1519 1922 ss

297 1942 372 2017 typo
403 1934 542 2017 fuerint,
575 1933 704 2000 dubium
737 1953 808 2000 esse
840 1955 901 2001 non
933 1942 1059 2017 pottes,
1093 1941 1189 2017 atque
1221 1938 1307 2019 βιι
1294 1934 1380 2000 ιΒ
1379 1953 1447 2000 eas
1518 1927 1519 1940 ¹

296 2045 520 2126 apertissimas
543 2051 762 2126 servaverunt,
740 2046 1069 2111 tuordincmresti
1059 2046 1135 2111 ituit
1145 2045 1178 2128 ¹.)
1217 2045 1291 2110 Una
1313 2044 1380 2126 illa,
1406 2045 1448 2110 de

297 2169 360 2232 qua
384 2150 543 2232 copiosius
574 2151 683 2232 disput
686 2151 826 2229 animoa,
857 2149 931 2215 libri
960 2151 999 2215 dc
1020 2157 1086 2216 ιιι.
1066 2152 1195 2216 t.deor
1218 2151 1350 2218 secundi
1372 2170 1447 2232 per·

298 2257 441 2325 turbatio
473 2260 571 2330 ctiam
601 2261 633 2324 in
659 2284 680 2323 α
703 2261 875 2336 remansit,
908 2261 983 2342 quia
1017 2261 1045 2326 is
1068 2261 1123 2342 qui
1145 2285 1166 2325 α
1189 2261 1321 2343 scripsit
1344 2262 1446 2326 inter·
1518 2265 1519 2350 ¹

295 2374 392 2450 rupta
415 2369 577 2434 sententia
607 2370 736 2451 expleta
767 2375 800 2436 et
823 2369 1032 2452 sequentibus
1063 2370 1183 2437 additis
1208 2371 1359 2438 damnum
1380 2371 1447 2436 iam
1518 2421 1519 2436 .

297 2484 459 2545 resartum
482 2497 553 2544 esse
576 2477 713 2559 putabat
726 2479 760 2563 2ι.
816 2479 907 2558 Quod
932 2487 1038 2546 autem
1062 2483 1122 2547 hoc
1145 2500 1207 2548 uno
1231 2483 1301 2548 loco
1323 2481 1389 2548 iam
1413 2482 1445 2545 in
1518 2519 1519 2546 ι

297 2587 470 2672 archetypo
495 2588 610 2668 aliquis
634 2589 814 2654 sententias
846 2609 908 2654 non
939 2591 1024 2655 coire
1049 2591 1151 2656 sensit
1175 2596 1273 2673 atque
1296 2591 1445 2658 lacunam
1518 2673 1519 2684 ἵ

295 2698 424 2779 explere
449 2703 581 2764 conatus
604 2703 672 2776 est,
702 2698 885 2766 mirandum
913 2706 1068 2783 nonest,
1101 2720 1174 2766 nam
1198 2703 1320 2783 primus
1342 2701 1445 2767 totius

298 2805 526 2874 codicis-liber
548 2826 609 2874 non
635 2807 731 2873 aliter
754 2813 851 2890 atquc
880 2809 976 2874 hodic
1000 2811 1099 2875 etiam
1123 2811 1265 2892 antiquis
1288 2812 1444 2892 tempori·
1518 2837 1519 2844 ι

294 2915 354 2984 bus
377 2918 506 2999 saepius
529 2917 700 3001 legebatur
723 2923 819 3000 atquc
844 2917 1057 2984 tractabatur.
1092 2919 1141 2984 Dc
1157 2916 1313 2985 omnibus
1336 2922 1445 2983 trans-

294 3023 468 3092 lationibus
491 3026 556 3094 illis
580 3026 772 3090 coniunctim
795 3043 913 3109 agere,
944 3026 1028 3108 quod
1052 3046 1146 3092 unum
1172 3026 1367 3092 fructuosius
1391 3027 1445 3108 sit,

295 3141 375 3214 tum,
399 3154 469 3200 cum
492 3135 575 3200 hanc
599 3135 861 3201 dissertationem
885 3133 1125 3218 componebam,
1149 3137 1287 3201 nondum
1312 3133 1444 3215 licebat,
1518 3215 1519 3220 ἵ

295 3243 371 3325 quia
396 3263 488 3308 nemo
513 3262 633 3322 eorum,
668 3245 720 3326 qui
745 3244 888 3309 codicem
912 3244 946 3308 B
970 3245 1181 3327 contulerant,
1206 3246 1329 3329 omnia,
1362 3265 1446 3328 quae

299 3351 374 3415 sciri
396 3364 477 3431 opus
501 3355 585 3431 erat,
620 3350 659 3415 de
684 3351 731 3416 cis
754 3351 946 3415 rettullerat.
994 3351 1082 3428 Quae
1107 3352 1269 3432 cumipse
1294 3351 1358 3416 iam
1382 3352 1447 3417 col·

295 3455 382 3520 lecta
405 3452 553 3532 habeam,
575 3453 630 3518 ubl
653 3457 789 3536 primum
813 3461 939 3537 tempus
964 3457 1034 3534 erit,
1058 3456 1214 3524 alioloco
1231 3457 1270 3521 de
1287 3475 1326 3522 ea
1340 3473 1377 3522 re
1396 3475 1447 3522 ac·
1518 3517 1519 3524 ,

297 3563 440 3630 curatius
463 3563 644 3646 disputabo.
678 3565 727 3628 Ex
742 3566 789 3630 eis
805 3573 913 3630 autem
929 3585 1011 3646 quae
1028 3566 1231 3646 exposuimus
1247 3565 1279 3629 id
1296 3564 1446 3645 efficitur,
1518 3645 1519 3660 χ

297 3673 437 3739 codicem
463 3673 496 3737 B
521 3675 730 3740 vetustiorem
755 3673 911 3756 praebere
934 3675 1082 3740 lectionis
1104 3675 1310 3755 memoriam;
1335 3676 1447 3741 nrelio-
1518 3667 1519 3746 ἶ

296 3802 405 3849 remne
431 3784 529 3848 ctiam
552 3782 720 3867 praebeat,
743 3790 858 3866 postea
883 3803 1117 3866 cognoscemus.
1142 3821 1184 3830 --

380 3893 428 3958 111
440 3897 520 3960 452:
548 3894 681 3976 »ltaque
707 3895 861 3960 Achillem
886 3895 1157 3978 Astypalaecnses
1182 3891 1240 3977 (sic
1262 3892 1372 3958 nullus
1395 3914 1445 3959 co·

370 4180 396 4250 1)
416 4179 484 4234 Item
506 4181 632 4236 codicem
651 4181 680 4236 F
696 4183 746 4252 qui
767 4199 801 4236 ex
821 4182 848 4234 B
868 4178 1025 4250 descripsit,
1045 4177 1170 4232 ordinem
1192 4177 1326 4232 restituit.

366 4272 483 4341 meum
503 4275 573 4330 haec
599 4274 797 4330 dissertatio
789 4290 844 4329 ram
864 4273 913 4326 litt
888 4275 1025 4327 tterarum
1044 4270 1140 4325 formis
1161 4269 1383 4339 describeretur,
1413 4287 1445 4325 ex
1518 4277 1519 4290 ¹

293 4364 455 4420 Schwenkii
476 4367 598 4437 epistola
617 4367 739 4438 benigne
765 4365 800 4422 ad
821 4365 969 4422 memissa
994 4364 1024 4418 in
1043 4365 1070 4416 A
1090 4362 1175 4417 etium
1195 4362 1314 4418 alteram
1334 4363 1445 4433 pertur-
1518 4379 1519 4416 l

292 4459 634 4532 baironam(rnT1maeo)
654 4480 712 4518 esse
732 4461 865 4572 cognovi3
885 4477 940 4516 non
953 4458 1061 4526 dubito,
1082 4458 1149 4526 quin
1171 4457 1258 4511 etiam
1278 4456 1349 4512 haec
1368 4458 1446 4513 certa

290 4555 325 4610 de
344 4567 428 4611 causa
447 4558 625 4614 rornanserit.
