3062 5162
686 259 704 318 7
768 237 769 242 ,

120 426 372 510 terpolationes,
407 427 458 492 uel
481 428 668 494 usitatiores
695 430 742 493 uel
767 429 874 496 miras.
932 430 1029 498 Cuius
1051 432 1099 498 rei
1122 432 1268 514 exempla

120 533 238 600 offerre
261 553 341 617 opus
364 554 426 601 non
451 541 519 619 θεῖ,
555 554 744 618 quamquam
769 538 866 620 mihi,
903 539 956 620 qui
980 558 1041 605 non
1065 541 1133 605 sine
1156 540 1267 606 labore

119 650 221 710 totum
246 651 438 726 apparatum
461 644 605 710 criticum
623 646 828 724 excusserim
852 652 1001 712 sescenta
1017 650 1120 714 omnis
1136 650 1266 734 generis

119 758 250 834 praesto
272 759 357 818 sunt.
402 753 439 817 Id
465 771 560 819 unum
584 760 685 819 totam
709 773 777 820 rem
801 754 969 836 conficiat,
1003 759 1085 839 quod
1110 759 1140 823 in
1165 761 1266 824 omni·

119 863 179 927 bus
202 860 366 927 codicibus
390 862 468 927 ordo
493 861 565 947 libri
597 863 730 928 secundi
762 864 979 946 compluribus
1003 867 1266 948 quaternionibus
1345 887 1346 892 ’

119 973 190 1038 Ιοθο
215 972 333 1051 motis,
368 956 542 1036 si'minora
565 973 763 1051 omittimus,
802 974 915 1039 eodem
939 975 1032 1040 modo
1057 976 1266 1057 perturbatus

117 1086 179 1145 est.
205 1080 250 1163 (11
276 1078 410 1163 1520¹);
434 1079 473 1144 cl.
491 1099 521 1161 p.
539 1079 646 1165 loss.)
683 1083 788 1162 Atque
805 1081 857 1146 hic
881 1083 1074 1165 archetypus
1099 1083 1181 1148 liber
1204 1104 1265 1150 non

116 1191 164 1254 ita
188 1188 289 1253 multo
312 1189 469 1260 vetustior
493 1188 553 1253 luit
576 1209 672 1270 quarn
696 1189 770 1254 libri
795 1191 915 1270 nostri,
944 1192 1002 1256 sed
1025 1192 1095 1273 ipse
1118 1193 1182 1258 iam
1205 1195 1263 1258 mi-

117 1299 260 1363 nusculis
283 1299 403 1364 littoris
428 1304 589 1364 exoratus.
646 1300 722 1381 Egit
746 1299 784 1365 de
808 1319 845 1364 eo
870 1299 952 1365 Qu,
967 1301 1014 1366 W.
1034 1301 1208 1367 Muellerus
1233 1305 1263 1366 in

116 1407 332 1472 Fleckeisenii
357 1405 527 1476 annalibus
551 1428 578 1473 a.
607 1413 698 1487 1864,
722 1427 774 1490 pp.
791 1413 970 1491 lat-147,
995 1414 1176 1488 nol-281,
1203 1417 1264 1476 605

117 1518 236 1595 -631,
260 1517 332 1598 qui,
366 1516 429 1580 etsi
453 1517 597 1597 exempla
620 1535 701 1598 quae
726 1515 839 1598 affert,
868 1522 904 1581 ut
927 1518 1158 1598 expectandum
1182 1526 1264 1597 erat,

117 1645 180 1691 non
204 1624 267 1688 iarn
292 1625 398 1689 omnia
421 1624 547 1703 valent,
583 1631 689 1690 tamen
721 1624 869 1691 universe
898 1626 1062 1708 exemplar
1093 1627 1190 1706 illud,
1226 1646 1265 1692 ex

116 1753 179 1816 quo
205 1733 333 1799 codices
356 1733 457 1798 nostri
483 1751 593 1797 omnes
616 1731 791 1812 fluxerunt,
827 1735 921 1814 quale
944 1734 1059 1817 inerit,
1095 1740 1184 1800 recte
1208 1737 1264 1801 de-

115 1841 238 1908 scribit.
304 1842 378 1922 Ipse¹
410 1842 532 1922 paneis·
553 1860 626 1906 earn
662 1842 913 1923 disputationem
947 1841 1137 1924 amplificem
1167 1852 1264 1926 atque

117 1969 273 2036 augeam:

204 2061 435 2138 Correoturae,
471 2063 559 2125 varia
584 2060 688 2137 lectio,
712 2059 811 2126 verba
835 2061 963 2143 omissa,
988 2062 1188 2146 glossemata
1211 2082 1264 2128 su-

114 2169 313 2251 perscripta,
348 2168 398 2233 vel
421 2169 453 2231 in
477 2168 620 2249 margine
644 2171 804 2251 ascripta,
839 2171 888 2234 vel
921 2171 984 2235 iam
1016 2171 1102 2236 inter
1124 2173 1262 2252 genuina

112 2278 214 2344 verba
236 2277 318 2343 falso
343 2284 399 2343 aut
421 2265 503 2342 falso
528 2278 596 2366 loco
621 2285 752 2359 recepta
777 2284 870 2344 erant
892 2279 942 2344 his
966 2298 1090 2362 quoque
1114 2281 1211 2346 locis:

202 2390 338 2455 12620:
363 2385 401 2451 of.
425 2406 455 2467 p.
473 2391 524 2450 67.
550 2424 589 2432 -

203 2502 242 2562 33
258 2479 302 2563 is:
330 2494 418 2573 »Quo
441 2513 537 2576 porro
561 2496 654 2560 modo
678 2495 815 2560 mundus
849 2497 969 2561 moveri
992 2515 1106 2562 carens
1129 2516 1263 2580 corpore

113 2612 172 2672 aut
211 2605 369 2687 quomodo
404 2623 532 2686 semper
568 2625 603 2670 se
638 2624 767 2670 movens
807 2625 878 2671 esse
913 2607 1042 2687 quietus
1076 2612 1109 2672 et
1145 2605 1261 2672 beatus

112 2715 265 2797 potasti«

203 2823 396 2888 Sensust
346 2828 412 2888 est:
449 2823 483 2888 Si
507 2823 662 2904 deus,nt
648 2824 793 2888 taristo
796 2824 879 2889 tales
902 2823 970 2888 vult
957 2829 1138 2906 ῖθοεροιθ
1161 2831 1261 2902 caret,

113 2932 234 2998 moveri
259 2932 322 3017 (vel
345 2950 381 2997 se
405 2933 546 3016 movere)
579 2951 640 2996 non
664 2938 838 3013 potest-
869 2951 943 2997 nam
967 2933 1051 3014 quod
1075 2953 1261 3015 eorporeurn

113 3060 177 3106 non
201 3046 268 3122 est,
302 3041 532 3121 Epicureorum
566 3041 713 3105 doctrina
735 3059 838 3122 neque
861 3043 966 3122 ipsum
990 3061 1025 3107 se
1049 3061 1151 3125 neque
1175 3043 1262 3107 aliud

115 3150 284 3232 quiequam
315 3167 443 3213 movere
473 3153 582 3230 potest
606 3186 646 3196 —-
670 3156 782 3232 atque,
817 3154 853 3215 ut
882 3150 942 3215 hoo
975 3151 1094 3232 possit,
1130 3158 1262 3233 propter

113 3259 197 3323 hanc
219 3256 322 3338 ipsam
347 3275 474 3322 eausam
500 3258 627 3338 quietus
651 3264 684 3323 et
710 3259 823 3323 beatus
847 3278 918 3324 esse
942 3279 1003 3324 non
1027 3265 1144 3341 potest.

202 3366 295 3430 Haud
320 3366 480 3446 inepte
450 3367 492 3428 iot
496 3366 799 3434 turSoboemannns
822 3369 977 3434 coniecit:
947 3369 1174 3435 ῖεῐεθηῖθιη
1194 3389 1260 3436 mo·

111 3495 188 3542 vere
212 3479 338 3556 potest«
364 3493 407 3539 sc.
434 3475 521 3539 deus.
580 3477 640 3540 alii
672 3477 736 3541 alia
764 3482 1014 3558 tempttaverun
1073 3479 1136 3543 Sed
1159 3480 1260 3544 multo

111 3584 240 3650 facilius
264 3584 352 3648 loeus
383 3589 533 3658 sanatur
568 3584 596 3648 si
631 3603 700 3649 eum
724 3585 886 3667 Madvigio
916 3584 1048 3650 verbum
1083 3587 1258 3652 »mundus«

110 3695 273 3776 glossema
296 3711 383 3757 esse
391 3693 574 3775 statuimus,
599 3693 652 3775 (cl.
633 3693 708 3757 lll
736 3700 852 3762 13311:
883 3694 915 3759 in
940 3695 1023 3778 eo]
1015 3715 1047 3759 rn
1072 3715 1109 3760 eo
1133 3696 1260 3774 mundo,

106 3802 291 3887 glosserntoe
313 3805 440 3882 recepto,
465 3797 545 3882 Z2l)
570 3805 795 3866 atractenos
819 3801 925 3867 fauere
950 3802 1055 3883 dices,
1080 3804 1107 3868 si
1131 3804 1260 3882 videris,

110 3909 196 3994 quod
221 3908 324 3974 adhuc
347 3906 617 3989 ignorabamus,
608 3927 639 3972 rn
666 3909 774 3974 codice
793 3911 827 3972 B
852 3912 985 3976 »modo«
1011 3911 1147 3993 primurn
1165 3913 1261 3977 omis-

185 4187 212 4256 1)
231 4185 296 4241 boni
324 4185 509 4254 designantur
537 4187 661 4241 numeris
695 4189 936 4259 paragraphornm
967 4207 1040 4259 quae
1073 4191 1205 4246 dicuntur
1235 4195 1264 4246 et

108 4298 242 4338 versuum
262 4279 394 4334 editionis
414 4279 575 4335 Turioensis
594 4281 721 4336 alterius.

185 4375 214 4444 2)
234 4373 337 4428 Eodem
358 4390 390 4427 ao
411 4372 593 4428 Schwenkius
613 4375 694 4446 signo
710 4377 735 4428 Z
751 4377 787 4430 ad
807 4376 934 4433 codicum
955 4379 1078 4434 omnium
1100 4395 1262 4436 consensum

110 4464 330 4536 significandum
348 4466 420 4518 utor.
1200 4487 1201 4490 ε
