3062 5162
469 1039 521 1104 Ilo
543 1039 620 1105 vita
642 1037 817 1105 auctoris.

156 1210 261 1276 Natus
284 1228 352 1274 sum
371 1208 565 1274 Bertholdns
583 1209 660 1274 Otto
683 1207 855 1273 Diecklroff
874 1209 1048 1292 Gottingae
1071 1211 1102 1274 in
1129 1212 1215 1275 alma

65 1321 250 1385 litterarum
283 1319 361 1383 sede
394 1337 422 1382 a.
454 1318 484 1382 d.
507 1317 566 1383 XV
591 1317 721 1383 Calend.
748 1316 840 1382 Febr.
873 1321 946 1382 anni
971 1319 1001 1384 h.
1032 1338 1058 1384 a.
1083 1319 1213 1396 LXXII,

64 1435 164 1509 patre
180 1427 375 1504 Hermanno,
399 1433 504 1491 matre
521 1426 688 1491 Herminia
712 1447 729 1490 e
753 1433 848 1507 gente
871 1427 983 1506 Balke,
1008 1446 1088 1510 quos
1110 1429 1214 1493 adhuc

64 1537 265 1616 superstites
290 1553 362 1600 esse
385 1553 579 1614 magnopere
609 1537 744 1614 gaudeo.
791 1535 904 1599 Fidem
934 1534 1089 1617 profiteor
1118 1557 1213 1601 evan-

61 1645 217 1730 gelicam.
252 1643 368 1708 Primis
392 1644 510 1707 litteris
534 1645 565 1706 in
584 1644 658 1708 ludo
677 1644 803 1724 patriae
819 1645 872 1725 qui
890 1645 1008 1710 dicitur
1020 1645 1213 1710 »Gehobene

64 1753 299 1818 Volksclrulec·
336 1752 478 1817 imbutus
518 1760 690 1830 auctumno
734 1754 808 1816 anni
843 1753 977 1817 LXXXI
1012 1755 1212 1837 gymnasium

62 1863 285 1945 Gottingense
309 1862 384 1928 adii.
432 1861 561 1926 Antonii
586 1861 731 1927 Viertelii
757 1860 929 1926 directoris
961 1862 1114 1943 auspiciis
1147 1881 1214 1926 rna·

60 1971 216 2037 tunicatis
240 1971 386 2034 examine
409 1977 562 2050 superato
579 1989 654 2034 vere
676 1971 750 2034 anni
773 1969 828 2034 XC
852 1970 883 2033 in
908 1989 1073 2034 numerum
1098 1971 1213 2034 civium

58 2079 325 2145 academicorum
349 2076 610 2160 Gottingensium
633 2086 785 2157 receptus
808 2095 887 2143 sum.

163 2187 348 2250 Docuerunt
384 2203 435 2248 me
473 2185 531 2247 viri
569 2183 798 2249 illustrissimi:
843 2185 1026 2262 Heumann,
1069 2184 1215 2263 Bechtel‚

61 2295 210 2375 Dilthey,
243 2291 410 2366 Daiatzko,
443 2291 486 2354 M.
510 2291 633 2372 Heyne,
666 2293 741 2368 Leo,
772 2291 812 2356 G.
837 2293 870 2355 Ε.
897 2292 1044 2372 Mueller,
1076 2291 1212 2368 Roethe,

62 2399 209 2478 Sauppe,
233 2396 272 2459 de
298 2396 741 2460 Wilamovitz-Moellendorl.

158 2502 205 2564 Ad
241 2500 488 2564 exercitationes
521 2500 784 2581 archaeologicas
808 2500 957 2580 Diltlrey,
989 2500 1214 2581 epigraphicas

60 2613 107 2677 de
146 2609 375 2689 Wilamowitz,
409 2609 563 2670 metricas
597 2608 682 2683 lieo,
720 2607 1009 2686 palaeographicas
1046 2606 1213 2682 Dziatzlro,

59 2717 251 2802 philologas
275 2716 341 2778 Leo
365 2721 397 2778 et
421 2713 461 2778 de
485 2714 698 2779 Wilamowitz
724 2715 862 2798 benigne
895 2715 1015 2778 aditum
1040 2713 1116 2777 mihi
1140 2733 1213 2794 per-

60 2827 237 2893 miserunt.

155 2933 248 3014 Regii
271 2931 505 3014 philologornm
528 2931 753 3013 proseminarii
785 2931 907 2996 sodalis
940 2949 998 3010 per
1031 2929 1105 3010 duo,
1140 2947 1212 3010 gor-

60 3038 187 3106 manici
211 3055 270 3117 per
294 3042 456 3118 quattuor,
480 3037 715 3118 philologorurn
740 3035 904 3101 seminarii
934 3034 1056 3100 sodalis
1086 3034 1213 3098 ordina·

59 3151 136 3216 rius
160 3166 219 3228 per
242 3146 307 3210 tria
330 3146 510 3226 semestra,
535 3146 711 3229 germanici
736 3163 912 3226 perunum
936 3143 991 3208 fui.

160 3252 315 3320 Omnibus
337 3254 402 3317 illis
431 3255 509 3318 viris
537 3256 589 3334 qni
625 3273 676 3318 me
700 3256 877 3320 docuerunt
897 3253 1003 3318 iustas
1025 3271 1062 3316 ac
1086 3250 1215 3317 debitas

55 3361 172 3430 habeo
209 3359 344 3443 gratias,
379 3377 475 3439 quam
509 3361 666 3422 maximas
700 3377 776 3422 vero
810 3356 976 3422 Friderico
1001 3358 1120 3433 Leoni,
1158 3358 1211 3437 qni

56 3473 191 3556 quanta
214 3485 342 3547 semper
376 3484 453 3546 erga
476 3485 526 3529 me
551 3467 650 3530 inerit
681 3465 903 3530 benevolentia
934 3474 1119 3546 quantaque
1154 3465 1213 3528 hu-

55 3579 227 3649 manitate
250 3595 300 3640 me
323 3575 398 3639 inde
423 3595 442 3638 a
465 3575 642 3640 studiorum
667 3574 769 3638 initiis
792 3570 940 3639 omnibus
954 3573 986 3636 in
1002 3570 1101 3637 rebus
1114 3591 1213 3652 opera

51 3700 92 3760 et
120 3686 256 3753 consilio
279 3684 448 3762 adiuverit,
474 3701 645 3764 numquam
669 3682 854 3748 obliviscar.

475 3960 786 3968 ——.—-—
