3062 5162
864 349 903 409 54

400 519 557 603 Equidem
580 524 658 602 pato
681 538 742 586 uno
766 519 821 584 iilo
845 524 915 585 »ut«
942 517 1054 585 addito
1079 523 1181 585 totum
1209 519 1314 585 iocum
1341 536 1452 585 sanum

311 629 391 714 fieri,
414 649 517 713 neque
539 630 626 695 »hic«
659 629 692 695 in
726 631 833 696 »hinc«
868 649 970 712 neque
1007 631 1109 697 saite«
1143 630 1175 694 in
1213 630 1315 695 »alto«
1351 648 1452 710 neque

311 739 502 806 »ostendens
526 738 682 822 emergit«
708 739 740 803 in
764 757 949 822 »emergens
974 738 1133 803 ostendit«
1160 737 1348 804 mutandum
1372 755 1451 802 esse.

313 844 373 912 Hic
397 847 479 911 enim
504 851 554 912 est
576 863 705 911 sensus:
742 864 803 912 san
836 844 943 911 dieser
966 843 1065 909 Stella
1099 844 1178 909 aber
1211 843 1350 909 erblickt
1382 861 1452 906 man

313 950 375 1018 den
391 951 555 1033 Scorpion,
579 970 614 1018 so
637 951 685 1017 oft
708 970 743 1016 er
766 951 834 1028 sich
858 951 889 1014 in
914 950 1036 1016 seinem
1060 949 1164 1016 vollen
1179 950 1302 1015 Gianze
1318 947 1452 1030 zeigend

312 1058 543 1143 paetendens«
568 1059 654 1124 idem
677 1058 746 1124 fere
778 1065 875 1141 atque
900 1057 1124 1144 metentem«)
1159 1057 1242 1124 hoch
1265 1057 1450 1138 auisteigt«

312 1165 348 1230 In
372 1168 563 1232 Arateorum
586 1163 749 1231 codicibus
780 1164 973 1230 »ostendens
1006 1165 1160 1246 emergit«
1196 1165 1227 1229 in
1262 1162 1453 1230 «ostendens

313 1272 481 1340 ostendat«
513 1272 632 1356 duplici
663 1291 771 1339 errore
805 1278 955 1354 corrupta
987 1278 1077 1352 sunt,
1120 1291 1191 1338 cum
1223 1271 1361 1355 primum
1394 1289 1452 1351 pro

315 1382 488 1468 »emergit«
510 1384 686 1448 »ostendit«
710 1401 748 1448 ex
770 1381 980 1449 »ostendens«
1007 1387 1218 1464 repeteretur,
1251 1381 1368 1446 deinde
1390 1399 1452 1446 non

312 1492 479 1558 intellecta
502 1491 723 1558 coniunctione
749 1497 823 1557 »ut«
857 1491 1075 1556 coniunctivus
1105 1508 1163 1572 pro
1192 1489 1367 1555 indicativo
1399 1508 1453 1571 po·

313 1607 453 1668 neretur.
478 1639 520 1648 —-
1509 1589 1510 1592 '

403 1717 519 1779 11312:
548 1713 676 1793 plexum
697 1711 885 1794 AB¹OPV,
918 1709 1033 1777 flexum
1056 1711 1247 1776 Aroteoram
1272 1708 1390 1775 codices
1425 1714 1453 1773 et
1509 1695 1510 1702 '

313 1819 372 1904 B2,
396 1820 450 1904 qui
472 1842 510 1885 aar
532 1822 577 1886 cis
598 1821 714 1886 hausit.
737 1858 777 1868 —

403 1937 518 1998 1141s:
550 1930 620 2020 ille]
642 1929 769 1995 AOPV
793 1935 821 1994 at
842 1929 1035 1995 Aroteoronr
1065 1928 1195 2008 redicre,
1224 1927 1299 1993 inde
1323 1926 1374 2011 B,
1391 1926 1453 1992 nde

311 2035 516 2106 mmm

400 2148 545 2229 Apparet
566 2165 638 2212 eum
670 2148 723 2228 qui
749 2146 861 2212 »inde«
887 2147 1003 2228 legerit
1019 2165 1088 2216 non
1112 2145 1232 2228 legisse
1260 2152 1316 2211 aut
1345 2145 1451 2227 legere

314 2257 454 2323 noluisse
486 2275 596 2339 »quem
620 2255 851 2338 subsequens«;
884 2256 937 2337 qui
961 2261 1068 2321 autem
1095 2273 1209 2339 «quem
1231 2253 1449 2336 subsequens«

312 2367 458 2448 removit,
487 2367 546 2431 hoc
569 2364 656 2446 iecit,
690 2364 774 2447 quod
799 2383 910 2431 versus
933 2384 996 2430 non
1020 2365 1153 2431 coirent.
1188 2365 1302 2447 Itaque
1326 2359 1376 2428 Β2
1397 2368 1452 2429 aut

316 2492 429 2555 »quem
453 2473 672 2555 subsequens«
698 2471 807 2538 delere
831 2471 950 2539 oblitus
975 2479 1035 2553 est,
1060 2478 1117 2539 aut
1140 2492 1178 2539 ex
1202 2472 1311 2540 codice
1335 2474 1452 2554 hausit,

313 2584 345 2647 in
369 2600 431 2664 quo
454 2584 519 2648 iam
541 2583 660 2664 partim
683 2582 877 2663 coniectura,
901 2583 1021 2665 partim
1046 2585 1236 2649 Arateorum
1260 2582 1366 2666 aliquo
1399 2603 1451 2650 co-

314 2687 385 2754 dice
408 2687 551 2754 adhibito
576 2705 685 2753 omnes
708 2706 836 2768 versus,
873 2689 927 2771 qui
958 2688 1045 2770 pleni
1078 2706 1141 2754 non
1175 2687 1313 2773 fuerent,
1349 2690 1453 2772 aliquo

315 2793 409 2859 modo
443 2792 563 2874 expleti
594 2798 706 2872 erant,
741 2811 803 2874 qua
837 2794 869 2856 in
904 2811 939 2858 re
972 2792 1069 2858 etiam
1104 2793 1187 2858 aliae
1214 2798 1246 2858 et
1277 2798 1386 2858 rectae
1423 2801 1453 2858 et

315 2901 416 2968 falsae
452 2901 644 2966 Arateorum
680 2900 835 2966 lectiones
874 2901 904 2964 in
936 2901 1019 2967 hunc
1053 2902 1091 2968 dc
1122 2906 1188 2966 aot.
1220 2901 1304 2966 deor.
1338 2900 1452 2968 librum

316 3012 523 3077 transierant.
558 3047 601 3057 -

406 3123 520 3184 lidae:
552 3115 642 3194 Quod
674 3120 897 3200 »tangentem«
931 3115 963 3180 in
988 3115 1022 3181 B
1053 3115 1190 3197 primum
1220 3116 1251 3180 in
1278 3135 1352 3182 ses«
1387 3135 1452 3182 cor·

312 3233 447 3304 rectum,
471 3226 586 3291 deinde
609 3226 795 3291 restitutum
819 3231 879 3307 est,
903 3225 981 3290 nihil
1005 3227 1049 3291 sit
1079 3226 1139 3290 nisi
1170 3225 1355 3292 coniectura
1388 3246 1453 3292 cor·
1509 3253 1510 3256 ¹

313 3336 452 3402 rectoris
476 3333 535 3415 B2,
559 3353 751 3417 quamquam
775 3335 870 3399 etiam
896 3334 1145 3414 SchoemannuS,
1170 3337 1291 3402 inscius
1314 3336 1452 3418 quidem,

314 3447 346 3510 in
371 3444 480 3511 codice
504 3463 628 3526 quoque
652 3445 711 3509 hoc
735 3463 816 3522 esse,
840 3444 872 3509 in
898 3443 1040 3510 editione
1063 3444 1106 3510 IV
1132 3445 1178 3510 sic
1202 3443 1341 3526 scripsit.
1369 3482 1411 3491 —

405 3560 518 3623 11424:
545 3552 645 3631 Quem
662 3552 778 3634 (Quam
802 3552 864 3637 13¹)
888 3552 984 3637 longe
1007 3559 1188 3635 serpentem
1214 3559 1247 3618 et
1270 3562 1452 3620 manantem

256 3745 259 3749 g
315 3664 453 3745 aspicies

400 3789 599 3853 proceraque
622 3772 725 3836 vincla
750 3770 873 3838 videbis
897 3769 1083 3854 AB¹0PV,

402 3880 502 3958 Quam
525 3879 620 3964 longe
644 3883 782 3964 aspicias
804 3899 1002 3964 proceraque
1028 3881 1132 3947 vincla
1156 3878 1280 3947 videbis
1295 3880 1350 3946 ΒΞ,

401 3989 554 4072 »Quam«,
580 3991 744 4072 quodiam
763 3989 806 4054 B¹
834 3991 921 4072 legit,
946 3988 1030 4057 falsa
1047 3991 1232 4058 coniectura
1250 3998 1301 4056 est
1316 3991 1453 4060 hominis

311 4097 427 4164 durum
444 4098 520 4163 illud
533 4117 663 4181 ›quem‹
675 4099 715 4164 ad
737 4098 913 4164 »fluminis«
928 4127 946 4152 =
964 4098 1136 4165 »Eridani«
1155 4098 1291 4166 relatum
1317 4119 1380 4166 non
1407 4105 1452 4168 in-

311 4205 509 4290 tellegentis.
556 4205 604 4270 Β2
627 4214 734 4274 autem
760 4212 963 4288 »serpentem
986 4213 1020 4274 et
1042 4212 1257 4289 manantem«,
1281 4209 1365 4290 quod
1390 4212 1451 4276 iarn

313 4314 442 4397 saepius
466 4315 611 4400 vidimus,
634 4316 721 4383 nulla
744 4317 808 4384 alia
832 4335 930 4384 causa
954 4316 1083 4400 delevit,
1105 4315 1168 4383 nisi
1191 4323 1228 4383 ut
1249 4335 1362 4384 versus
1386 4321 1451 4402 plc-

311 4442 370 4490 nos
392 4423 556 4508 redderet,
580 4443 726 4508 quaeque
747 4427 796 4491 iili
819 4445 881 4492 non
905 4432 1067 4508 caperent,
1091 4431 1282 4492 removeret.
1300 4463 1341 4473 -

399 4540 509 4604 11420:
522 4533 637 4618 chelis]
650 4531 1295 4622 anastasianam«exponentem,
1306 4538 1409 4605 caetis
1420 4540 1451 4607 0.
