3062 5162
97 523 194 590 solum
216 529 410 608 postremam
443 523 532 589 illam
564 522 683 606 prioris
714 521 861 589 fasciculi
884 519 1078 590 sententiam
1101 521 1229 604 supple·

96 639 213 714 verunt,
243 635 299 700 sed
323 635 421 702 etiam
443 639 616 715 sequentes
638 650 739 714 usque
763 632 804 698 ad
830 631 970 698 »dixeris
994 650 1089 714 quam
1113 631 1229 697 deum«

100 745 170 812 166
194 744 394 823 6616661661,
426 748 523 826 atque
547 747 662 824 postea
684 741 746 808 huc
768 742 980 825 respicientes
1003 739 1111 807 verbis
1137 741 1234 807 »Ete-

97 849 156 914 nim
179 850 207 916 si
229 852 280 918 di«
309 858 383 921 1616
405 856 557 937 pergunt,
580 855 615 916 ut
640 856 797 932 appareat
820 851 851 914 in
873 868 911 917 eo
928 850 1112 931 exemplari,
1136 867 1234 932 aquo

97 957 219 1026 AOPV
237 963 393 1048 originem
417 961 547 1040 ducunt,
576 983 605 1039 α,
629 960 809 1026 6161166611
830 960 927 1042 paulo
950 959 1075 1042 longios
1098 959 1234 1042 perduc-

96 1073 173 1150 tam,
207 1077 241 1138 et
263 1091 322 1156 ea„
350 1090 432 1154 quae
462 1072 527 1138 iam
558 1075 654 1136 antea
683 1070 791 1152 posita
814 1075 924 1149 erant,
957 1069 1138 1152 posteriore
1161 1069 1231 1135 loco

97 1177 207 1264 deleta
223 1182 332 1250 fuisse.
387 1181 479 1260 Quod
511 1187 620 1248 utrum
650 1181 715 1246 iam
746 1180 778 1245 in
810 1180 984 1263 archetypo
1013 1179 1084 1262 ipso
1113 1178 1234 1245 factum

96 1285 207 1374 fuerit,
241 1310 344 1374 neque
368 1291 547 1358 diiudicare
571 1308 760 1373 possumus,
795 1309 898 1372 neque
929 1291 1012 1356 scire
1039 1305 1235 1375 magnopere

96 1395 244 1478 interest,
277 1401 311 1466 id
335 1406 478 1481 constat,
511 1400 544 1464 in
577 1399 752 1481 archetypo
782 1416 897 1481 neque·
916 1403 991 1467 1622
1017 1397 1234 1482 »Chrysippus

97 1506 303 1586 quideme-
333 1516 408 1580 1666
435 1529 548 1592 »quam
581 1509 694 1574 deum«
726 1509 834 1589 priore
867 1509 937 1575 loco
968 1507 1096 1592 addita,
1130 1525 1233 1588 neque

95 1613 216 1685 initium
251 1619 350 1685 delati
386 1620 520 1686 alterius
554 1617 716 1696 fasciculi,
754 1623 827 1686 1520
861 1623 948 1683 »tam
975 1617 1168 1682 multarum«
1192 1651 1236 1663 -

99 1729 172 1794 1511
197 1737 323 1794 »motus
351 1726 543 1810 gubernari«
568 1727 618 1792 vel
645 1731 718 1794 166
744 1725 1015 1807 »quemdem«,
1051 1724 1135 1807 quod
1164 1743 1233 1791 cum

94 1832 156 1899 iam
175 1844 271 1903 antea
287 1837 433 1903 additum
450 1843 548 1919 esset,
571 1854 704 1917 prorsus
727 1835 841 1900 inutile
857 1839 938 1914 erat,
962 1835 1104 1900 deletum
1125 1833 1235 1917 fuisse,

96 1961 163 2008 cum
186 1946 220 2010 B
250 1947 301 2012 vel
324 1947 393 2012 eius
415 1964 536 2028 parens
558 1947 579 2028 β
604 1963 642 2009 ex
664 1963 702 2009 eo
732 1941 989 2024 describeretur,
1026 1950 1063 2010 61
1097 1943 1236 2026 suspicio

97 2060 277 2135 moveatur,
312 2055 452 2122 codicem
486 2054 520 2120 B
553 2053 761 2120 vetustiorem
794 2051 953 2135 praebere
986 2053 1135 2119 lectionis
1169 2071 1235 2118 me·

95 2163 235 2232 moriam.

177 2275 356 2341 Praeterea
379 2279 488 2340 autem
511 2273 544 2339 in
559 2273 622 2340 Ac
636 2278 711 2356 post
735 2273 875 2338 »dixeris
898 2291 994 2354 quam
1017 2271 1142 2339 deum‹'
1159 2276 1235 2341 1616

99 2378 237 2450 immissa
268 2390 344 2450 sunt
376 2382 475 2449 verba
513 2383 685 2466 »largitate
720 2381 826 2448 fundit
852 2421 893 2430 —
923 2383 1056 2468 gignere
1088 2382 1234 2448 videtur«

100 2494 250 2575 1666-6,
281 2492 397 2576 quibus
421 2498 554 2574 quartus
577 2492 749 2558 fasciculus
778 2490 969 2574 incipiebat,
1000 2491 1154 2558 616611
1177 2489 1240 2556 AO

97 2595 143 2666 bis
165 2604 327 2690 legantur.
388 2603 479 2680 Quod
514 2621 570 2667 cur
603 2602 723 2668 factum
756 2602 816 2684 sit,
852 2600 994 2668 dubitari
1025 2622 1086 2668 non
1120 2605 1237 2684 potest.

94 2707 166 2789 Ipsa
190 2730 316 2794 quoque
341 2711 436 2777 alicui
460 2709 627 2792 debentur,
652 2711 707 2793 qui
730 2712 908 2777 orationem
929 2711 1146 2794 interruptam
1169 2711 1237 2776 166-

95 2818 163 2897 gius
185 2820 365 2903 perducere
388 2819 490 2885 voluit
513 2818 644 2885 6116161
668 2819 812 2886 fasciculi
836 2820 962 2886 initium
987 2820 1123 2886 addidit.

179 2928 314 3011 Restat,
348 2932 384 2992 ut
415 2926 454 2992 de
479 2925 528 2991 B2
551 2932 585 2992 et
608 2927 652 2990 M
681 2928 833 2995 dicamus.
887 2925 937 2993 13²
968 2929 1069 3014 igitur
1099 2928 1238 3010 primum

97 3040 297 3106 1511-166
330 3042 363 3102 61
393 3041 467 3118 post
496 3056 632 3102 vacuum
665 3039 803 3118 spatium
835 3041 890 3122 (29
921 3039 1059 3122 millim.)
1078 3039 1239 3105 ¹relictum

96 3150 217 3216 itta-a
243 3148 274 3211 in
297 3146 450 3212 inferiore
467 3146 614 3230 margine
631 3148 800 3229 supplevit.
838 3148 917 3213 Inde
934 3146 1073 3214 efficitur
1087 3149 1235 3232 primum,

92 3252 174 3322 hunc
198 3262 415 3322 correctorem
438 3255 564 3339 codice,
598 3256 651 3338 qui
675 3257 802 3322 AOPV
819 3257 868 3322 vel
900 3281 921 3320 α
952 3257 1132 3323 simillimus
1156 3263 1237 3339 6161,

94 3380 186 3428 66611
212 3381 302 3443 6666;
334 3362 460 3446 deinde,
484 3363 569 3444 quod
593 3364 675 3429 scire
699 3365 730 3430 in
755 3366 948 3430 correcturis
973 3365 1041 3432 eius
1065 3365 1238 3432 666111166-
1362 3389 1364 3392 ’

95 3469 144 3537 616
165 3472 334 3555 intererit,
370 3471 497 3553 linguae
531 3471 652 3537 latinae
686 3472 772 3538 haud
803 3473 988 3555 imperitum
1011 3473 1128 3554 fuisse,
1167 3493 1236 3540 cum

94 3580 194 3648 verba
219 3586 344 3649 laida-s
371 3580 542 3662 »largitate
574 3580 876 3666 fundit—gignere
909 3581 1057 3649 videtur«
1092 3584 1239 3648 mutilam

94 3690 288 3757 sententiam
313 3709 385 3756 esse
409 3691 604 3774 cognoverit.
643 3691 762 3756 Postea
786 3697 892 3757 autem
916 3698 988 3758 tota
1010 3711 1045 3757 re
1068 3699 1241 3774 perspecta

93 3820 157 3866 661
180 3800 283 3866 661611
308 3800 431 3877 omnia,
464 3817 546 3880 quae
568 3800 638 3882 ipse
672 3801 862 3885 addiderat,
894 3803 952 3868 sed
983 3803 1081 3867 etiam
1108 3809 1238 3870 ltro-ra

95 3907 551 3993 »multarum-gubernari«,
586 3927 669 3990 quae
703 3908 750 3973 B¹
784 3907 909 3976 duobus
941 3911 1020 3976 locis
1055 3911 1241 3995 scripserat,

93 4021 202 4099 priore
223 4020 293 4084 loco
317 4018 446 4084 delevit.

181 4129 347 4195 CodexM
366 4127 502 4210 denique
527 4130 688 4195 consentit
711 4149 783 4195 cum
799 4127 934 4209 AOPV,
958 4153 988 4210 c,
1011 4136 1238 4213 praeterquam

95 4237 182 4319 quod
212 4242 288 4320 post
321 4242 405 4306 laos
430 4256 494 4302 661
519 4239 780 4322 manutius,
809 4239 866 4305 sed
892 4245 984 4324 1520,
1018 4241 1109 4306 utin
1133 4240 1167 4306 B
1190 4260 1240 4308 se-

94 4351 230 4431 quatur,
259 4353 296 4413 ut
327 4365 366 4412 61
388 4352 525 4429 utroque
557 4347 701 4414 codicum
730 4367 850 4434 genere
882 4350 1079 4432 compositus
1102 4350 1241 4417 666661-

93 4455 223 4524 deutur.

181 4566 299 4634 Notum
311 4566 410 4647 illam,
427 4583 523 4648 quam
538 4566 665 4631 111516
682 4567 856 4652 archetypo
868 4568 967 4636 fuisse
984 4568 1240 4652 supradiximus,

959 4683 977 4742 2
