3062 5162
633 349 671 410 31

82 517 120 582 In
144 516 254 584 codice
278 542 299 582 α
321 523 425 584 totum
448 518 551 586 locum
576 517 719 584 defuisse
742 517 869 598 scimus,
896 523 943 600 ut,
967 519 1051 601 quod
1074 518 1106 584 A
1131 524 1230 586 »tam«

77 624 178 692 habet
202 632 235 693 et
258 626 308 693 13²
330 627 467 710 addidit,
490 628 570 693 nihil
594 625 718 709 probet.
764 628 844 694 Rern
868 628 932 708 ita,
955 635 993 694 ut
1016 631 1227 711 exposuimus,

79 754 115 801 se
140 735 269 821 habere,
294 757 332 803 eo
355 736 578 818 confirmatur,
614 737 698 820 quod
719 737 780 802 huc
805 737 989 804 etiamalio
1014 757 1053 803 ex
1075 738 1123 804 eis
1147 757 1228 820 quae

80 842 279 908 antecedunt
302 844 411 909 delata
428 851 462 909 ct
477 844 562 910 iuter
583 843 680 910 verba
704 843 901 908 continentia
926 849 1057 926 recepta
1080 844 1229 911 videntur

78 969 162 1020 esse.
198 953 281 1030 Quid
299 955 382 1019 enirn
399 955 508 1020 volunt
537 951 600 1018 sibi
621 954 752 1018 litterae
775 953 833 1020 aad
848 953 886 1016 li«
908 960 983 1035 post
1004 953 1229 1036 »principium«

77 1063 230 1144 positae?
275 1063 387 1146 Neque
411 1082 449 1128 ex
475 1081 568 1130 »esse
589 1063 677 1142 in«,
711 1081 792 1144 quae
817 1063 1062 1146 desiderantur,
1095 1083 1226 1130 escor-

76 1179 176 1254 rupta
199 1190 302 1255 neque
334 1192 373 1238 ex
404 1174 590 1239 coniectura
620 1180 692 1238 orta
715 1191 787 1238 esse
811 1172 984 1238 verisimile
1009 1179 1075 1252 est,
1107 1174 1163 1238 sed
1189 1193 1228 1240 ex

77 1287 132 1348 sut
153 1281 232 1347 hoc«
255 1281 433 1364 depravata
454 1288 487 1348 et
510 1287 585 1350 ante
609 1302 760 1368 »magno«
783 1283 955 1348 inserenda
971 1283 1119 1349 uidentur
1143 1303 1224 1361 esse,

76 1389 144 1470 ubi,
168 1399 204 1456 ut
226 1392 388 1458 sententia
412 1392 645 1476 grammaticae
669 1391 794 1474 legibus
818 1390 967 1472 sufficiat,
1001 1393 1122 1460 talibus
1146 1412 1226 1476 opus

79 1506 140 1568 est.
189 1503 313 1566 Desunt
335 1502 415 1567 haec
440 1505 537 1568 etiam
561 1504 592 1566 in
616 1501 658 1578 A,
690 1508 727 1568 ut
750 1501 903 1568 dubitare
925 1521 986 1568 non
1010 1506 1125 1586 possis,
1150 1504 1225 1586 quin

78 1613 141 1678 hae
157 1613 361 1692 corruptelae
385 1631 494 1677 omncs
517 1612 559 1676 ad
583 1613 794 1694 archetypum
809 1612 955 1694 redeant,
980 1614 1042 1695 qui,
1070 1632 1132 1695 qua
1155 1620 1227 1680 erat

79 1725 166 1788 mala
190 1723 386 1804 condicione,
411 1723 510 1786 etiam
533 1722 668 1801 primam
693 1721 842 1802 paginam
867 1727 1016 1786 vexatam
1039 1722 1168 1806 hahuit,
1193 1728 1225 1788 et

77 1832 158 1900 illud
181 1838 281 1898 atam«
313 1833 346 1896 in
369 1855 390 1896 a
413 1833 598 1896 coniectura
632 1831 815 1911 suppletum
839 1831 899 1913 sit,
933 1831 1016 1912 quod
1040 1831 1228 1898 facillimum

80 1947 161 2008 erat.
207 1943 366 2024 Denique,
389 1947 426 2007 ut
449 1959 516 2005 rem
540 1937 754 2017 corniciamus,
779 1939 830 2003 hic
854 1959 980 2024 ponam,
1005 1959 1086 2022 quae
1101 1942 1227 2008 Cicero-

79 2072 152 2118 nem
175 2053 345 2134 scripsisse
369 2057 463 2133 puto:
486 2051 552 2114 »De
576 2069 638 2131 qua
656 2058 722 2114 tam
737 2051 846 2115 variae
870 2055 945 2116 suut
968 2051 1227 2118 doctissimorum

78 2163 243 2228 hominum
265 2165 395 2243 tamque
419 2160 642 2241 discrepantes
664 2144 864 2242 sententiae,
896 2164 932 2224 ut
955 2159 1014 2226 hoc
1037 2179 1152 2241 magno
1176 2181 1227 2226 ar-

80 2281 231 2356 gumento
255 2289 326 2336 esse
350 2269 484 2352 debeat,
514 2269 706 2350 principium
740 2269 963 2352 philosophiae
996 2289 1067 2336 esse
1090 2273 1227 2336 inscien-
1303 2339 1304 2344 ,

79 2383 159 2448 tiam
181 2380 420 2462 prudenterque
444 2379 651 2444 Academiam
681 2379 742 2460 (sic
772 2379 976 2446 scribendum
1005 2380 1227 2450 videturesse

78 2481 213 2574 propter
235 2489 355 2554 codicis
379 2487 413 2552 B
436 2489 604 2554 lectiones:
629 2488 821 2572 achademia,
843 2509 909 2552 aruo
933 2488 1040 2553 littero
1063 2488 1228 2568 deliciante,

79 2599 129 2664 Βι
153 2605 182 2664 et
213 2597 401 2665 achademia
425 2595 528 2682 ΒΨ)
561 2617 580 2663 a
611 2596 709 2664 rebus
732 2598 864 2664 incertis
901 2597 1123 2664 adsensionem
1155 2617 1229 2664 con·

77 2703 251 2770 libuisse«
277 2739 318 2749 -

166 2819 281 2900 ltaque
305 2818 460 2902 ridemus,
484 2815 763 2901 quantum'codex
787 2818 821 2883 B
846 2819 886 2884 ad
909 2820 1115 2887 restituenda
1138 2821 1228 2886 Cice·

78 2931 167 2997 ronis
197 2930 297 2996 verba
330 2929 439 2995 auxilii
471 2927 562 2994 nohis
594 2927 725 3005 afferat,
759 2929 948 3010 dummodo,
984 2949 1066 3012 quae
1090 2931 1228 3012 genuina

77 3057 226 3123 quaeque
250 3059 270 3105 a
293 3037 343 3102 13²
365 3044 512 3104 correcta
533 3039 567 3102 in
590 3057 628 3104 eo
651 3039 725 3123 sint,
748 3039 898 3105 sciamus.

171 3156 234 3221 Sed
256 3173 431 3238 augeamus
455 3156 608 3237 exempla.

83 3340 88 3345 ,
171 3265 265 3332 122:
296 3264 395 3330 »Nam
418 3271 452 3329 et
475 3265 515 3330 de
537 3263 648 3346 figuris
678 3265 811 3332 deorum
835 3272 868 3332 et
890 3265 930 3331 de
953 3267 1032 3332 locis
1056 3271 1152 3350 atque
1176 3285 1227 3332 se·

80 3372 176 3439 dibus
194 3380 226 3440 et
250 3374 296 3439 de
321 3376 448 3440 actione
464 3375 550 3440 vitae
574 3374 666 3459 (BF,
691 3382 725 3442 et
740 3378 867 3442 actione
883 3376 970 3442 vitae
983 3375 1101 3460 ΛΟΜ)
1126 3377 1227 3442 multa

79 3484 258 3550 dicuntur«

165 3592 267 3658 Nemo
291 3591 470 3671 dubitabit,
485 3593 561 3675 quin
584 3593 658 3659 »de«
682 3593 901 3674 recipiendum
924 3595 977 3672 sit,
1009 3594 1094 3677 quod
1116 3596 1225 3660 Baite-

81 3721 139 3770 rus
163 3720 288 3785 quoque
312 3704 499 3786 recepisset,
523 3702 550 3768 si
574 3723 593 3768 a
617 3703 652 3768 B
674 3704 706 3768 id
731 3703 881 3785 praeberi
905 3705 1061 3770 scivisset.
1086 3742 1128 3752 -

174 3823 250 3884 101:
281 3817 358 3894 »Qui
383 3826 488 3884 autern
513 3819 691 3902 requirunt,
716 3819 791 3900 quid
808 3837 934 3901 quaque
950 3821 989 3886 dc
1013 3839 1048 3886 re
1071 3820 1135 3903 ipsi
1157 3839 1230 3886 sen·

76 3930 208 4006 tiamus,
232 3927 390 3994 curiosius
406 3927 440 3992 id
456 3928 579 3993 faciunt
602 3947 698 4010 quam
720 3947 851 3994 necesse
874 3937 943 4010 est3
968 3948 1030 3994 non
1054 3930 1137 3996 enim
1159 3936 1227 3996 tam

76 4043 212 4103 auctore
236 4035 309 4122 (ΑΙ,
332 4035 622 4120 auctoresmt'M,
647 4039 851 4104 auctoritatis
865 4037 949 4124 BF)
973 4058 1066 4122 quam
1089 4040 1227 4107 rationis

77 4153 241 4214 momenta
263 4149 450 4230 quaerenda
472 4155 574 4216 sunt«

154 4471 180 4540 l)
198 4470 238 4524 De
260 4467 444 4524 »Academia«
472 4485 523 4540 pro
552 4469 762 4526 »Academicis«
794 4473 930 4544 usurpata
957 4469 992 4526 cl.
1011 4467 1110 4526 Orellii
1129 4467 1226 4525 Onom.

79 4587 100 4622 s.
120 4567 146 4621 h.
167 4584 193 4620 v.
