3062 5162
644 339 681 402 51

177 519 268 582 83⁶:
306 513 453 595 quicum
489 510 544 596 ad]
569 508 739 593 B²(V¹·³)‚
769 510 822 591 qni
860 510 943 593 quod
977 510 1018 576 ad
1043 505 1239 577 AB¹0PV¹.

177 628 217 687 87
230 651 257 694 os
276 643 283 687 ε
308 623 417 688 seinos
433 658 458 668 -
474 625 515 686 88
528 649 555 689 ns
576 619 722 703 Herculi]
738 639 795 686 om.
810 619 867 702 B¹,
889 619 991 701 suppl.
1005 617 1062 698 13²,
1079 619 1135 684 sed
1148 619 1237 685 uerbo

83 731 258 813 quisquam
284 731 407 796 omisso.

179 839 321 918 Quarum
344 841 579 922 scripturarum
604 839 748 922 quamvis
771 839 890 905 multas
923 840 1020 904 etiam
1054 840 1238 906 coniectura

83 952 225 1017 inveniri
248 951 392 1032 potuisse
418 949 518 1033 dions,
542 955 650 1014 temen
675 948 819 1030 reliquae
843 952 947 1030 erunt,
971 965 1052 1030 ques
1075 966 1114 1012 ex
1129 947 1238 1014 codice

83 1059 225 1124 haustos
249 1075 321 1124 esse
344 1059 396 1122 vix
420 1058 590 1140 qnisquam
614 1063 722 1140 neget.
1027 1067 1028 1070 ’

176 1167 295 1234 Restat
318 1185 489 1250 exponere,
526 1164 684 1249 quomodo
709 1163 759 1229 Β2
782 1183 817 1230 se
851 1163 970 1230 habeut
1001 1165 1034 1229 in
1068 1164 1237 1231 tradendis

83 1270 236 1375 versibus
276 1271 421 1351 Arateis,
455 1270 509 1336 lib.
557 1270 586 1335 ΙΙ
623 1275 848 1338 10420-114s
882 1275 916 1336 et
954 1274 1087 1339 leiim-s.
1134 1270 1237 1336 Mani·

85 1379 210 1447 festum
251 1387 360 1446 autem
395 1387 462 1459 est,
506 1399 576 1445 eum
618 1387 676 1445 aut
709 1379 778 1446 eius
812 1379 932 1446 iontem
973 1399 1012 1446 ex
1044 1382 1236 1446 Arateorum

84 1488 197 1571 aliquo
222 1491 331 1556 codice
354 1489 519 1571 complura
542 1489 714 1572 recepisse.
754 1487 817 1555 sed
841 1489 983 1571 singulos
999 1495 1127 1572 oportet
1150 1496 1236 1556 trac·

83 1601 195 1664 temus
218 1600 315 1666 locos.

181 1713 284 1778 1070:
319 1698 507 1792 »Opstipum
537 1715 634 1790 capnt
659 1727 697 1774 ac
728 1709 828 1774 tereti
860 1707 1035 1792 (Kioteins,
1070 1713 1105 1776 at
1139 1710 1235 1775 teret'

87 1815 298 1902 Madvigius,
329 1819 446 1884 etercti
471 1818 518 1896 Z,
553 1817 665 1882 sedin
690 1815 857 1882 Bcorr.1
886 1837 924 1882 en
957 1817 1082 1902 oteriti)
1114 1819 1237 1885 cervice

177 1925 331 1992 reflexum
879 1999 880 2002 ,

178 2035 333 2117 Optntum
356 2038 389 2102 in
413 2037 516 2102 canda
541 2035 673 2103 maioris
695 2034 793 2118 figere
817 2036 933 2102 dices«

86 2144 138 2210 Cf.
165 2147 254 2211 Aret.
279 2147 399 2212 Phnen.
426 2151 483 2212 58:

178 2253 279 2334 λοξὸν
303 2255 331 2320 δ’
350 2253 419 2322 ἐστὶ
442 2256 538 2340 κάρη,
561 2257 695 2322 vennone
719 2253 756 2320 ot
779 2255 916 2339 πάμπαν
939 2256 1047 2320 ἔοικεν

177 2365 284 2450 ἄκρην
307 2367 355 2442 εἰς
374 2363 512 2448 Ἑλίκης
535 2366 651 2452 orione,
673 2365 760 2450 μάλα
781 2371 850 2430 κτλ.

180 2492 230 2558 B*
253 2495 415 2561 correxit:
439 2497 516 2562 »Ast
539 2495 643 2578 ipsum
668 2500 765 2577 caput
787 2495 905 2561 atereti
928 2496 1052 2562 cervice
1085 2495 1237 2586 reflexum
1327 2549 1332 2566 .

87 2621 119 2669 e.
145 2621 173 2685 q.
199 2621 242 2669 s«
287 2603 369 2682 Quin
393 2605 473 2671 haec
497 2606 540 2670 sit
565 2605 670 2670 audax
704 2604 898 2688 coniectura,
932 2612 999 2671 tum
1033 2605 1131 2686 facta,
1166 2626 1237 2673 cum

90 2731 147 2778 em
173 2731 230 2778 »ac
254 2715 370 2779 tereti«
394 2714 428 2779 in
451 2734 488 2780 »a
512 2715 621 2793 tereti,
646 2715 782 2780 atereti«
807 2719 989 2796 corruptum
1013 2716 1120 2800 inerit,
1144 2717 1236 2783 dubi·

86 2841 144 2889 um
167 2840 228 2887 non
253 2828 311 2901 est,
335 2841 440 2906 neque
462 2831 570 2890 temen
594 2825 696 2906 ipsius
713 2822 761 2889 Β2
784 2824 914 2908 ingenio
937 2842 1009 2890 eam
1033 2823 1154 2904 deberi,
1178 2825 1236 2893 sed

87 2931 219 3000 aliunde
243 2938 403 3016 sumptam
430 2952 502 3000 esse
526 2940 613 3017 puto,
635 2953 707 3000 nom
733 2935 758 3000 si
783 2934 852 3016 ipse
870 2935 1070 3018 coniecisset,
1093 2955 1133 3002 ne
1150 2942 1236 3002 »nte-

88 3035 171 3108 ¹reti«
194 3043 323 3124 quidem
346 3045 560 3109 incorrectum
585 3044 778 3125 reliquisset.
800 3081 842 3090 —

182 3157 304 3220 10820:
328 3153 451 3235 »Atque
474 3153 555 3218 haee
579 3153 709 3235 quidem
732 3173 751 3218 a
773 3158 878 3238 tergo,
902 3159 1036 3236 propter
1059 3159 1156 3234 capnt
1179 3171 1235 3218 an·

91 3268 161 3327 tem
185 3262 426 3344 Anguitenens:

179 3369 280 3448 Quem
305 3371 392 3436 claro
416 3371 590 3452 perhibent
613 3372 814 3454 Ophiuchum
837 3371 964 3438 nomine
989 3371 1105 3438 Graii«

177 3501 227 3566 Bu
257 3509 291 3567 et
322 3501 369 3565 Ao
400 3510 609 3569 correxerunt
632 3503 928 3586 »Anguitenentis«.
975 3502 1045 3569 Hoc
1069 3523 1108 3569 ex
1141 3524 1234 3571 versu

89 3617 256 3692 sumptum
273 3630 344 3676 esse
369 3612 432 3677 inm
450 3612 545 3697 Hugo
561 3600 693 3678 Grotius
710 3613 822 3692 sensit,
846 3631 917 3679 cnm
937 3611 1103 3679 Ciceronis
1116 3615 1235 3680 Aratea

86 3719 244 3800 supplens
269 3737 395 3785 versum
421 3724 461 3784 76
484 3728 638 3802 poneret:

179 3822 217 3888 »J
220 3829 296 3889 nuta
312 3824 470 3906 ‘humeros
486 3824 613 3890 Sertum
631 3831 697 3892 est:
722 3832 856 3909 propter
869 3831 965 3909 caput
978 3827 1234 3910 Anguitenentis,

196 3931 296 4010 Quem
321 3935 409 4000 clero
434 3953 460 4000 e.
483 3953 512 4017 q.
538 3954 581 4001 s«
971 3935 1025 4020 (so.
1050 3943 1148 4019 caput
1172 3941 1234 4015 cst)

89 4041 141 4108 Cf.
168 4043 256 4108 Aret.
282 4043 399 4109 Phaen.
424 4049 486 4109 74:

177 4175 285 4260 Νώτῳ
308 4171 370 4258 μὲν
393 4174 570 4261 Στέφανος
592 4177 706 4243 κελάει
728 4181 856 4264 κεφαλῇ
878 4199 915 4261 γε
938 4173 999 4260 μὲν
1021 4177 1105 4262 ἄκρῃ

176 4281 315 4350 σκέπτεο
334 4285 400 4372 κὰρ
424 4287 575 4371 κεφαλὴν
593 4285 800 4372 Ὀφιούχεον
821 4291 890 4352 κτλ.

178 4413 244 4481 Nos
276 4415 359 4481 hanc
392 4416 560 4483 lectionem
595 4419 682 4486 nullo
719 4419 813 4485 modo
844 4403 1046 4500 recipiemur,
1082 4416 1139 4482 sed
1174 4434 1236 4480 non

88 4524 184 4593 abest
208 4526 348 4608 suspicio
373 4533 573 4594 correctores
596 4527 644 4591 Α2
668 4534 701 4595 et
725 4526 784 4608 13²,
809 4529 859 4602 vel
882 4546 992 4593 eorum
1027 4527 1158 4608 iontem,
1183 4545 1235 4592 co·

961 4633 1005 4698 4ss
